2974 4730
600 308 898 372 ..44...

180 475 294 539 sertim
318 495 391 546 cum
413 478 535 546 ibidem
557 483 705 564 quaestio
728 501 793 546 non
816 483 860 546 sit
883 482 923 546 do
947 481 1082 560 abortu,
1114 483 1230 548 deinde
1253 485 1330 566 quia

181 588 243 660 hoc
266 594 394 662 ‘abortu
417 599 541 666 cadere’
565 601 644 686 quid
667 601 711 666 sit
734 601 821 666 haud
849 599 947 666 facile
970 599 1181 682 intelligatur.
1227 608 1329 667 restat

181 710 292 778 ‘factu'
324 713 368 783 IV
401 719 480 798 886,
520 707 659 804 quocum
697 721 725 786 si
755 721 904 790 conferas
933 740 1033 806 supra
1064 740 1148 806 quae
1185 721 1327 786 diximus

180 835 282 898 ‘tactu
304 854 366 900 usu
387 839 460 904 uisu
482 840 601 906 adactu
623 846 758 928 aspectu
781 859 878 904 sensu
910 837 1010 904 motu'
1041 837 1167 926 [11408
1189 839 1237 904 Ill
1266 840 1328 918 869

179 947 223 1016 IV
246 953 307 1018 707
331 955 359 1022 V
383 956 442 1022 101
466 958 511 1024 VI
534 961 596 1024 778
619 961 681 1024 779
702 961 768 1024 780
789 960 851 1024 782
877 955 990 1044 liciti,
1027 965 1059 1023 et
1087 959 1161 1044 ipsa
1184 958 1328 1042 plerum-

141 1091 149 1107 ‘
181 1088 242 1154 que
265 1093 307 1138 ex
329 1076 501 1143 adiectiuis
524 1076 640 1144 ‘malus
665 1097 763 1164 asper
784 1097 860 1143 acer
882 1077 1020 1142 infestus
1053 1078 1175 1159 grauis·
1207 1078 1329 1162 depen-

179 1187 300 1272 dentia,
323 1213 469 1282 quaeque
492 1197 773 1264 substantiuorum
796 1197 925 1264 datiuos
949 1215 1020 1264 esse
1043 1197 1072 1262 si
1093 1196 1183 1262 nulla
1206 1196 1272 1262 alia
1292 1217 1328 1262 re

179 1289 289 1376 tamen
311 1313 542 1381 uersu11408
575 1397 579 1404 ¹

406 1451 492 1502 omnia
511 1455 644 1520 postremo
663 1452 731 1504 bona
750 1453 868 1504 sensibus
887 1456 913 1504 et
931 1449 997 1504 mala
1015 1455 1086 1504 tactu

177 1565 345 1650 probatur,
369 1569 528 1635 concedas
555 1589 675 1655 quaeso
699 1573 811 1637 ‘factu’
830 1591 958 1657 quoque
983 1591 1053 1637 osse
1068 1572 1327 1636 aasumtertium

175 1683 379 1753 substantiui
402 1690 488 1774 quod
510 1695 560 1755 est
583 1690 718 1770 iactus,
743 1698 830 1757 certe
852 1711 918 1756 non
949 1710 1021 1755 esse
1043 1689 1254 1772 cogitandum
1286 1691 1326 1756 de

178 1804 295 1888 supino
319 1806 387 1872 siue
410 1807 618 1874 substantiuo
643 1810 772 1876 casibus
793 1809 962 1876 defectiuo.

563 2069 609 2133 V.
633 2067 942 2134 coniunctiones.

263 2231 337 2299 Rite
360 2233 525 2320 hucusque
547 2236 690 2320 peractis
713 2236 754 2300 iis
777 2235 894 2314 rebus,
926 2253 1009 2320 quae
1032 2238 1075 2299 ad
1096 2233 1198 2300 uerba
1226 2235 1327 2320 perti-

175 2355 256 2415 nent
277 2357 405 2438 tempus
434 2354 501 2418 iam
524 2360 574 2419 est
596 2353 679 2420 inire
707 2353 944 2438 particularum
972 2353 1153 2432 rationem,
1183 2355 1328 2440 primum

179 2469 310 2552 quidem
343 2464 635 2539 coniunctiuarum.
678 2475 778 2564 igitur
812 2472 972 2558 poematis
1013 2471 1152 2538 materia
1184 2491 1257 2537 cum
1293 2472 1328 2536 in

179 2591 461 2668 argumentatione
483 2591 673 2678 plerumque
686 2597 844 2670 uersatur,
868 2591 1049 2658 causalium
1063 2577 1327 2656 coniunctionum

175 2706 416 2774 multitudinem
440 2730 478 2776 ac
501 2713 695 2776 uarietatem
717 2710 815 2776 nullis
838 2711 939 2776 ferma
962 2709 1036 2775 aliis
1071 2711 1219 2794 superari
1250 2729 1327 2774 con·

176 2831 410 2894 sentaneumst.
457 2831 636 2914 exquibus
660 2831 803 2894 maxime
837 2829 989 2896 Lucretio
1020 2827 1144 2914 placuit
1174 2827 1328 2894 adhibere

176 2947 362 3029 ‘quoniam',
386 2967 446 3012 nco
468 2948 570 3012 multo
594 2949 701 3013 minus
726 2949 822 3032 ‘quod
845 2948 941 3032 quia',
966 2947 1082 3032 quibus
1098 2947 1194 3028 longe
1208 2946 1328 3013 cedunt

175 3065 315 3149 ‘quando
347 3067 474 3151 qrroudo
508 3067 639 3152 quidem
668 3063 849 3152 quatenus&
895 3085 993 3151 quam
1022 3085 1100 3132 uero
1131 3053 1328 3160 particulam

172 3185 347 3268 posteriori
383 3186 524 3270 tempori
559 3169 601 3250 in'
633 3186 915 3267 argumentatione
951 3183 1128 3270 plurimum
1163 3183 1328 3269 placuisse

171 3302 321 3368 uidemus
346 3309 440 3368 ‘otim’
463 3303 516 3367 uel
539 3309 667 3389 ‘quom’,
690 3303 914 3390 temporaliter
935 3303 1055 3368 iterum
1078 3307 1176 3387 atque
1206 3303 1327 3366 iterum

171 3423 259 3508 apud
282 3426 431 3487 nostrum
455 3424 610 3499 occurrit,
633 3429 806 3508 praeterea
828 3442 894 3488 aon
916 3423 980 3487 nisi
1013 3421 1222 3488 aduersatiue
1245 3421 1327 3486 locis

171 3561 272 3628 supra
293 3541 447 3607 laudatis.
495 3541 654 3607 accedunt
677 3548 805 3608 ceterae
829 3539 1028 3626 temporales
1051 3540 1220 3625 ι888888,
1245 3558 1326 3625 qua·

170 3667 221 3727 ter
245 3661 332 3745 quod
354 3659 491 3741 legitur,
515 3665 584 3725 tum
608 3664 654 3723 ‘ut
676 3665 852 3744 postquam
883 3658 987 3725 simul'
1020 3661 1121 3725 ternis
1156 3657 1237 3722 locis
1270 3679 1327 3722 ox-

169 3785 260 3858 tant,
292 3776 403 3864 paullo
435 3777 584 3862 pluribus
608 3779 717 3842 ‘simul
740 3798 778 3844 aa
801 3778 853 3844 uel
877 3785 972 3864 atque
997 3783 1072 3842 anto
1106 3797 1204 3861 quam
1235 3777 1327 3861 prius

172 3895 299 3982 apuam,
332 3899 402 3962 tum
434 3893 556 3961 ‘donec'
595 3898 663 3960 siue
701 3899 850 3981 ‘donique
873 3897 949 3962 dum
974 3897 1040 3961 ubi’
1064 3895 1232 3980 aliquanto
1256 3915 1326 3960 ore-

172 4015 305 4082 briores.
350 4014 416 4080 iam
440 4033 515 4080 uero
539 4033 591 4081 res
616 4017 827 4082 aduersatiua
850 4021 1101 4101 praeterquam
1127 4020 1221 4081 ‘oum’
1248 4034 1325 4080 con-
