2974 4730
585 391 841 456 -33..

126 565 257 630 ueniter
275 557 342 628 'nisi
364 565 379 628 1
403 565 475 628 944.
492 602 528 616 «-
580 564 638 628 sed
661 561 701 628 de
724 560 854 626 casibus
879 559 960 626 satis
983 558 1201 636 dictumest,
1231 573 1290 621 ue·

135 684 264 749 niamus
289 684 330 748 aal
354 681 464 746 uerba.

539 939 590 1001 11.
616 935 863 1016 Tempora.

216 1119 278 1187 Hie
301 1123 348 1187 de·
364 1127 548 1206 temporum
574 1139 656 1205 quae
680 1120 800 1185 dieitur
826 1119 1053 1185 consecutione
1080 1135 1187 1204 pausa
1209 1121 1283 1182 tan-

131 1247 201 1306 tum
224 1239 375 1304 attulisse
399 1240 479 1304 eatis
504 1239 557 1303 sit.
602 1239 702 1320 igitur
723 1237 910 1317 Lueretius,
944 1243 980 1302 nt
1009 1230 1136 1302 summa
1159 1241 1209 1302 est
1231 1255 1283 1300 se·

131 1359 269 1424 ueritate
308 1358 341 1422 in
382 1357 579 1422 coniunctiui
609 1355 809 1439 temporibus
844 1355 888 1420 ad
909 1354 1045 1420 uerbum
1073 1374 1189 1436 regens
1224 1354 1282 1420 ad-

131 1477 300 1562 aptanda,
336 1477 384 1539 ita
414 1481 447 1540 et
476 1481 604 1558 ternpus
636 1475 883 1568 perfeetnm'et
910 1473 1107 1538 infinitiuum
1138 1473 1218 1538 adeo
1248 1473 1284 1538 in

131 1594 302 1680 praeteriti
335 1592 405 1658 1444
435 1593 566 1671 habuit,
596 1599 632 1656 ut
668 1599 891 1676 utrumque—
921 1592 1036 1656 emitte
1067 1590 1154 1656 enim
1181 1590 1282 1669 locos,

134 1715 249 1798 quibus
272 1717 399 1796 ternpus
422 1713 602 1796 perfectum
625 1708 795 1774 exhibetur
818 1727 891 1774 eum
911 1709 1058 1793 sequenti
1076 1709 1281 1774 coniunctius
1399 1716 1402 1720 '

133 1831 290 1916 temperis
313 1830 495 1914 praesentis
519 1829 572 1894 uel
595 1829 730 1914 perfecti
760 1832 816 1893 aut
845 1825 1044 1912 imperfeeti,
1080 1846 1153 1892 eum
1176 1828 1283 1912 ipsum

133 1950 277 2036 pendeat
299 1969 340 2013 ex
363 1955 508 2033 tempore
531 1948 694 2032 praesenti
717 1946 770 2010 uel
792 1946 901 2010 futuro
933 1951 991 2010 aut
1020 1965 1060 2008 ex
1089 1944 1281 2030 imperfecte

137 2067 385 2151 [122211131
419 2067 481 2131 616
513 2067 575 2130 715
604 2065 648 2128 IV
670 2067 782 2147 26]-
818 2083 952 2148 prorsus
991 2069 1170 2148 sequantur
1205 2083 1280 2128 een·
1316 2064 1321 2076 ‘

135 2185 273 2252 iunetiui
304 2184 373 2250 siue
405 2185 588 2269 imperfecti
618 2183 687 2248 siue
719 2181 1030 2266 plrrsquamperfeeti
1077 2179 1103 2266 [1
1136 2183 1219 2247 1022
1250 2183 1283 2247 ΙΙ

139 2305 222 2368 1108
265 2295 425 2368 1111033
468 2302 512 2366 IV
543 2301 606 2366 575
634 2301 697 2365 833
732 2300 795 2364 838
825 2300 889 2364 842
918 2299 1283 2366 843124312471266

139 2420 249 2486 7168
280 2422 341 2486 173
375 2418 430 2485 182
468 2420 625 2484 189421
656 2419 719 2483 443
746 2418 810 2483 453
839 2419 904 2484 474
934 2417 997 2484 835
1026 2419 1283 2486 9019221013

138 2537 754 2618 101910461118114213031308
789 2537 871 2601 1339
904 2537 986 2602 1345
1018 2537 1100 2602 1378
1144 2536 1281 2605 71917

135 2657 178 2722 44
200 2658 240 2721 44
263 2657 326 2722 444
353 2657 434 2722 1211
458 2655 526 2722 taff.
548 2657 580 2722 4
601 2657 665 2722 434
685 2656 733 2721 nr
753 2655 818 2722 590
839 2654 885 2720 rr
906 2655 970 2720 444
993 2656 1055 2721 aar
1099 2638 1285 2724 44414

79 2781 81 2786 ’
140 2776 220 2840 1417
245 2775 291 2840 VI
311 2777 411 2859 412],
433 2795 536 2861 neque
559 2775 654 2840 aliter
676 2775 705 2839 si
726 2775 834 2859 ipsum
863 2773 1045 2859 perfeetum
1074 2775 1214 2858 pendeat
1243 2797 1285 2842 ex

137 2900 310 2978 praesente
326 2893 384 2958 —uel
406 2893 516 2958 future
540 2889 584 2980 [ΙΙ
606 2893 670 2957 942
693 2892 721 2956 si
745 2883 825 2958 eum
839 2889 1048 2958 Lachmanne
1072 2893 1191 2972 fanias,
1215 2899 1285 2960 tum

139 3011 282 3078 eiusdem
305 3010 381 3078 libri
401 3032 433 3079 u.
457 3011 610 3078 1061111
634 3013 697 3077 834
725 3011 771 3077 IV
793 3012 834 3076 26
858 3011 919 3076 831
941 3011 968 3078 V
989 3009 1077 3099 424p
1122 3032 1221 3097 quam
1244 3012 1283 3079 ob

138 3149 210 3199 rem
240 3150 281 3196 ne
312 3132 433 3196 mirum
468 3131 617 3215 quidem,
657 3131 742 3214 quod
764 3129 797 3193 II
821 3131 903 3193 1171
938 3128 1105 3195 ‘tolerarit'
1141 3130 1169 3195 V
1202 3133 1285 3196 1341

139 3250 298 3336 ‘quierint’
323 3247 502 3313 admittunt
521 3247 744 3313 neniunetiues
767 3245 920 3329 quisunt
944 3253 1041 3311 ‘esset
1063 3224 1182 3324 fieret,
1213 3267 1289 3314 eum

139 3368 227 3433 idem
247 3367 315 3430 fere
337 3363 470 3430 ualeant
494 3384 532 3431 44
557 3365 585 3430 si
608 3365 737 3430 dicatur
772 3367 895 3448 ‘crepat
924 3361 1109 3443 tolerasse',
1140 3367 1207 3430 ‘uix
1230 3368 1289 3432 ad*

10 3511 11 3522 ¹
141 3485 243 3550 ducor
264 3488 301 3546 ut
325 3483 458 3548 credam
480 3483 609 3566 quisse’,
631 3488 701 3547 tum
719 3480 805 3567 qued
828 3479 1043 3546 ‘consuerunt'
1068 3479 1108 3566 [V
1125 3481 1197 3569 189]
1221 3493 1291 3569 ‘po-

10 3619 12 3696 3
141 3599 212 3666 tuit'
238 3597 278 3686 [V
301 3596 376 3686 901]
401 3599 498 3664 simul
521 3599 745 3666 coniunctiues
767 3598 923 3684 temperis
946 3598 1117 3683 praeteriti
1139 3617 1177 3664 44
1195 3620 1293 3684 4444-

144 3719 245 3784 sentis
269 3723 412 3804 ‘possent
433 3719 528 3784 flaret
550 3717 594 3783 sit
616 3715 728 3782 soleat’
751 3734 862 3782 senum
883 3715 1016 3782 habent.
1060 3720 1188 3782 restant
1217 3737 1293 3803 per·

143 3835 599 3902 144141308321111957
633 3835 678 3900 17
700 3835 763 3900 521
796 3835 891 3902 764
928 3835 989 3901 189
1019 3835 1082 3900 336
1116 3834 1178 3900 901
1212 3837 1297 3942 1430

142 3953 189 4019 VI
213 3955 638 4033 783141414141138211
662 3955 735 4032 459,
759 3954 793 4018 in
817 3953 932 4040 quibus
963 3953 1069 4040 quiuis
1103 3953 1203 4020 facile
1243 3955 1296 4021 in·

145 4069 465 4156 telliget,·qu0m0d0
488 4075 612 4140 factum
647 4072 709 4148 sit,
732 4077 768 4138 ut
791 4073 979 4160 praesentia
1009 4072 1209 4138 coniunctiui
1242 4074 1300 4140 ad-

1024 4291 1029 4298 ,
1074 4221 1094 4285 4
