2974 4730
548 373 849 440 ..25-

124 545 225 610 luisse
259 543 381 611 ouisse'
421 545 600 610 infinitiuos
632 545 836 625 desinentes,
880 561 1009 627 semper
1040 545 1210 614 terminari
1238 549 1274 616 in

125 669 234 729 ‘arunt
256 669 351 729 erunt
373 669 478 728 orunt’
500 670 570 729 tum
592 665 627 729 in
649 664 725 728 ‘eris
749 663 813 730 oris
837 662 902 728 arit
924 661 986 728 erit
1009 662 1096 728 arint
1109 665 1193 732 erint
1201 672 1275 733 arat

126 788 198 849 erat
219 790 315 848 arant
337 789 430 850 erant
453 788 543 848 asset
573 788 659 848 esset
688 783 769 846 isset
790 781 909 846 ‘assent
936 783 1040 847 issent
1062 787 1193 864 ossent’,
1218 787 1274 852 de-

125 903 223 986 nique
245 902 284 966 in
303 907 387 966 ‘asse
411 921 482 967 0000
505 903 570 966 1000
594 899 685 966 osse’.
720 919 838 985 nempe
860 898 1021 965 uocabula
1042 899 1118 967 huic
1140 923 1275 973 normae

126 1022 346 1106 repugnantia
368 1026 499 1107 praeter
530 1018 779 1103 ‘'compleuerit'
821 1017 860 1106 [V
885 1016 980 1105 1160]
1014 1015 1274 1090 ‘recreauerunt'

129 1137 186 1224 [VI
207 1137 238 1226 3]
262 1144 331 1204 1010
356 1141 501 1204 carmine
524 1158 590 1202 non
613 1139 834 1203 inueniuntur.
858 1138 916 1202 sed
940 1158 1013 1204 cum
1035 1138 1182 1222 integrae
1206 1163 1275 1210 ser·

129 1263 247 1323 uantur
270 1277 430 1342 personae
453 1263 610 1322 exeuntes
632 1257 667 1320 in
690 1257 769 1322 ‘anit
792 1255 863 1321 iuit’
893 1256 962 1321 siue
986 1256 1054 1337 ‘iit',
1086 1264 1137 1324 ter
1159 1262 1277 1331 admit-

130 1378 210 1442 titur
231 1398 290 1462 pro
314 1375 369 1460 illo
386 1375 438 1441 ‘at'
462 1376 599 1458 longum
616 1375 637 1442 ·1
659 1376 701 1440 70
724 1375 826 1440 7396
848 1374 988 1453 71587,
1011 1373 1061 1440 bis
1075 1377 1120 1443 ‘it'
1142 1378 1278 1464 longum

129 1517 189 1582 pro
213 1495 283 1561 ‘iit’
308 1473 353 1560 IV
375 1497 436 1560 337
463 1497 525 1568 769
554 1496 587 1559 in
616 1493 725 1559 uerbis
758 1514 841 1578 quae
875 1499 952 1560 sunt
982 1497 1114 1562 ‘inritat
1143 1509 1278 1586 superat

131 1614 294 1680 disturbat
316 1614 376 1679 init
395 1613 498 1699 perit'.
533 1614 569 1678 in
591 1613 708 1700 quibus
732 1612 882 1678 omnibus
910 1633 950 1678 ne
972 1619 1159 1699 praesentia
1180 1621 1278 1688 intel-

130 1733 317 1814 ligerentur,
340 1739 525 1818 correptam
547 1731 695 1798 ultimam
719 1751 802 1817 quae
825 1730 955 1810 habent,
978 1740 1075 1818 poeta
1096 1735 1145 1800 ita
1161 1758 1277 1807 cauere

132 1851 267 1928 studuit,
291 1854 327 1915 ut
349 1850 511 1916 uocabula
533 1851 741 1935 insequentia
763 1851 888 1916 taceret
911 1871 931 1915 a
953 1852 1060 1918 uocali
1076 1853 1277 1940 incipientia.

132 1989 230 2054 quam
254 1968 294 2034 ob
318 1989 387 2033 rem
412 1969 582 2053 ‘reditque'
608 1945 1046 2054 [11150010100001100000
1070 1974 1222 2042 existimo
1246 1985 1279 2045 01

134 2085 222 2153 ‘coit
249 2087 429 2170 [1111040]
455 2087 573 2152 fulsum
599 2107 681 2154 esse.
727 2094 892 2172 postremo
916 2111 955 2155 ne
979 2089 1041 2156 hoo
1065 2093 1278 2177 desideretur,

134 2207 169 2271 in
191 2207 304 2272 formis
327 2207 377 2272 his
401 2212 616 2290 ‘consumpse‘
643 2207 763 2286 [1233]
788 2206 963 2272 ‘abstraxe'
989 2209 1155 2296 [111648]
1194 2221 1279 2300 ‘pro-

136 2321 239 2389 traxe'
264 2325 305 2407 [V
330 2326 426 2409 1157]
452 2325 635 2390 ‘confluxet'
659 2323 781 2406 [1987]
805 2309 851 2391 ‘si'
875 2327 1037 2412 syllabam
1060 2330 1181 2397 auferri
1202 2353 1280 2418 pas-

103 2441 465 2509 7000001100101110.
511 2463 551 2508 ex
584 2442 634 2508 his
658 2451 787 2524 autem,
832 2466 915 2530 quae
947 2446 1053 2513 adhuc
1082 2449 1122 2513 de
1154 2453 1285 2520 suffixis

134 2565 221 2625 ‘runt
241 2561 295 2626 ris'
318 2563 492 2639 truncatis,
526 2562 643 2628 deinde
667 2563 706 2633 de
730 2563 867 2650 syllabis
899 2569 949 2630 ‘ue
972 2566 1006 2632 ui
1028 2565 1068 2632 si'-
1090 2569 1279 2657 s'pncopotis

135 2679 394 2765 disposuimus,
424 2682 490 2746 iam
513 2680 591 2748 licet
614 2682 737 2761 conici,
762 2681 951 2748 Lucretium
973 2685 1008 2750 in
1028 2691 1280 2770 pronuntiandis

133 2795 303 2863 uocabulis
326 2799 498 2865 facilitatis
522 2807 554 2867 et
575 2802 816 2867 commoditatis
849 2801 1009 2886 imprimis
1032 2805 1193 2871 rationem
1223 2808 1282 2874 ha-
1342 2847 1348 2855 ·

135 2915 256 2983 buisse.
279 2937 339 2982 nec
358 2917 432 2982 huic
456 2919 584 3004 quidem
609 2922 790 2986 sententiae
812 2927 991 3006 repugnat,
1015 2923 1101 3006 quod
1123 2923 1208 2990 idem
1231 2932 1283 2992 ta·

135 3033 181 3099 lio
203 3035 398 3101 exhibuitut
413 3037 586 3103 ‘uidelicet'
612 3035 723 3126 [1210]
748 3038 892 3106 ‘scilicet'
922 3037 1050 3117 [11469]
1077 3042 1199 3108 dictum
1222 3065 1282 3130 pro

136 3153 257 3220 ‘uidere
281 3154 365 3218 scire
387 3154 483 3236 licet',
508 3157 658 3242 ‘probeat
680 3157 804 3242 probet'
829 3158 855 3239 [l
879 3159 940 3222 977
964 3158 1014 3223 ΙΙΙ
1036 3160 1116 3241 862]
1149 3183 1207 3246 pro
1231 3165 1293 3230 in-·

136 3273 238 3353 tegris
268 3271 449 3358 ‘prohibeat
477 3271 647 3359 prohibet',
689 3274 795 3340 ‘flutat
831 3274 957 3340 flutant'
989 3273 1135 3362 [111189
1165 3280 1209 3345 IV
1232 3281 1285 3370 75]

136 3409 198 3473 pro
221 3389 336 3456 ‘fluitat
358 3391 507 3471 fluitant',
531 3399 602 3458 tum
626 3393 713 3478 quod
735 3394 901 3459 contraxit
925 3393 1015 3480 ‘puri’
1043 3395 1102 3477 [IV
1129 3400 1226 3484 1019]
1244 3423 1285 3467 01

137 3525 175 3571 00
200 3508 285 3591 quod
307 3515 357 3574 est
380 3508 503 3595 ‘pueri',
535 3509 707 3576 ‘colescere
737 3511 917 3578 coluerunt'
956 3513 1284 3604 [711066111061]

138 3644 179 3690 01
202 3624 396 3692 ‘coalescere
420 3629 631 3708 coaluerunt,
656 3631 854 3714 ‘coperuisse
878 3632 1059 3714 coperiunt'
1093 3633 1136 3708 [V
1157 3635 1221 3698 342
1246 3634 1288 3704 Vl

136 3743 219 3827 491]
245 3729 286 3810 01
309 3748 527 3831 ‘cooperuisse
552 3735 762 3833 cooperiunt,
787 3747 940 3832 ‘surpere’
967 3747 1110 3834 [11314]
1136 3769 1176 3816 01
1200 3753 1290 3820 ‘sub-

12 3855 13 3872 ‘
137 3860 270 3946 ripere’,
308 3863 1053 3954 ’0000011011010[1431103711111859]
1091 3889 1131 3934 ex
1163 3871 1289 3940 ‘deesse

12 4001 14 4066 p
138 3979 317 4059 deerrare',
342 3983 417 4058 ‘dis’¹
435 3980 475 4068 [11
500 3984 582 4048 1092
606 3983 739 4049 111322
763 3985 790 4050 V
816 3986 876 4049 182
898 3983 942 4049 Vl
963 3983 1018 4072 69]
1042 4007 1082 4051 01
1106 3988 1199 4067 ‘diis’‚
1223 3993 1290 4057 ‘mi’

12 4121 13 4128 ¹
142 4097 283 4182 denique
309 4119 350 4166 01
374 4101 470 4166 ‘milri'
494 4103 633 4186 saepius„
659 4122 854 4188 quamquam
890 4102 986 4170 huius
1018 4105 1146 4188 quidem
1170 4127 1289 4192 prono·

1066 4219 1087 4284 3
