2974 4730
703 375 741 439 ro
984 343 1002 372 ’

148 561 185 619 ut
208 551 332 618 Tullius
355 551 390 614 in
413 547 553 636 epistola
575 545 633 612 illa
656 547 698 613 ad
728 545 884 625 Quintum
910 544 1034 629 scripta
1064 539 1114 629 [ll.
1137 538 1179 628 9.]
1212 537 1295 604 mul-

149 679 218 736 tam
242 670 372 754 qoidem
394 674 497 733 artem
520 685 580 731 neo
596 685 673 730 uero
689 665 832 730 studium
850 663 1015 750 quoddam
1030 661 1191 728 maiorum
1203 677 1295 746 more

150 787 303 873 loquendi
326 788 360 851 iu
383 759 533 852 Limnetio
555 784 768 868 dependeret,
801 801 875 848 cum
898 782 1021 848 diceret
1053 800 1094 846 ex
1124 776 1295 846 Munronis

150 907 337 971 coniectura
360 904 398 989 [l.
421 903 442 968 l.
466 924 497 988 p.
520 905 618 980 3291:
642 901 787 969 Lucretii
816 904 987 986 poemata,
1016 902 1055 966 ιιι
1085 897 1219 976 scribis,
1248 895 1297 961 ita

148 1032 234 1101 sunt,
258 1022 368 1087 multis
391 1021 567 1086 luminibus
590 1021 722 1102 ingenii,
746 1019 869 1086 multae
883 1023 995 1085 tamen
1010 1017 1090 1084 artis
1107 1035 1179 1082 esse
1196 1034 1296 1098 quum
1330 1039 1332 1046 ’

147 1141 328 1219 inueneriS,
351 1140 459 1204 rrirrrm
481 1144 513 1204 ta
535 1139 675 1224 putabo,
707 1137 735 1203 si
758 1137 894 1204 Salustii
923 1135 1142 1222 Empedoclea
1165 1133 1294 1216 legeris

147 1260 311 1325 homiuem
333 1277 398 1323 non
420 1253 551 1342 putabo.
596 1258 654 1324 sed
676 1256 716 1322 de
738 1262 902 1322 uetustate
924 1255 1090 1321 hactenus.
1119 1255 1186 1319 iam
1210 1272 1293 1337 quae

148 1383 326 1462 supersunt
347 1396 399 1442 res
423 1394 523 1462 supra
544 1374 781 1460 perlustrataa,
805 1393 903 1460 quam
931 1373 1111 1438 breussime
1143 1372 1293 1437 ostende-

145 1517 228 1575 muS,
253 1515 351 1580 quam
373 1496 567 1560 sententiam
591 1494 685 1559 nobis
702 1494 938 1559 commendent.
962 1493 1062 1574 igitur
1084 1493 1112 1557 si
1135 1490 1293 1575 respicias

146 1633 291 1700 eaquae
314 1614 456 1678 diximus
479 1613 519 1678 de
548 1611 783 1677 uocabulorum
806 1612 1108 1696 antiquissimorum
1129 1630 1192 1675 usu
1224 1628 1293 1676 crc-

146 1732 264 1808 briore,
287 1732 326 1795 de
350 1735 444 1795 sexta
467 1731 693 1808 declinatione,
717 1751 776 1795 uec
799 1751 864 1795 non
887 1731 926 1796 de
944 1736 1079 1816 quartae
1098 1748 1176 1794 casu
1195 1729 1291 1794 tertio

146 1850 305 1932 singulari
340 1850 442 1934 deque
472 1851 606 1934 supino,
638 1849 776 1934 denique
812 1850 852 1914 de
882 1849 1082 1914 coniunctiori
1113 1845 1292 1932 particula·

144 1989 281 2055 rumque
304 1989 369 2032 non
392 1965 556 2032 nullarum
601 1987 660 2032 usu
682 1973 715 2033 ct
735 1969 989 2050 significatione,
1012 1967 1082 2032 lieri
1101 1985 1167 2030 non
1199 1970 1292 2050 pote·

144 2089 205 2167 rit,
236 2088 479 2172 quiningenua
509 2087 669 2169 quaedam
703 2105 741 2151 ac
764 2091 873 2166 casta,
906 2093 942 2152 ut
976 2088 1022 2150 ait
1045 2085 1287 2162 LachmannuS,

146 2204 277 2286 linguae
302 2205 444 2268 conditio
469 2209 674 2284 agnoscatur.
706 2205 861 2268 nimirum
881 2203 932 2268 his
954 2203 1052 2269 rebus
1077 2202 1288 2269 omnibusde

146 2328 348 2387 monstratur
372 2322 556 2386 attissimus
578 2321 755 2406 superioris
785 2323 941 2407 temporis
976 2341 1119 2386 conexus
1144 2325 1176 2387 et
1199 2321 1293 2407 quasi

145 2441 300 2505 continua
321 2440 452 2522 linguae
476 2440 583 2505 auctio
607 2459 754 2524 quaeque
776 2439 866 2504 nulla
896 2440 1036 2506 hominis
1073 2444 1143 2506 arte
1174 2441 1218 2505 sit
1240 2440 1292 2505 in-

144 2559 266 2631 clinatu
289 2558 341 2624 uel
363 2559 557 2643 interrupta.
581 2577 679 2646 porro
703 2559 817 2623 eadem
839 2556 898 2622 illa
920 2559 1092 2624 sinceritas
1122 2562 1293 2637 sermonis,

145 2678 251 2763 qualis
275 2677 359 2742 solet
381 2696 462 2756 esse,
488 2677 595 2760 quoad
617 2675 765 2741 homines
796 2675 901 2741 solam
931 2677 1086 2742 orationis
1116 2676 1293 2742 utilitatem

26 2865 50 2882 „.
142 2802 391 2882 perspexerunt,
415 2795 484 2858 siue
500 2794 576 2858 dum
596 2800 698 2858 artem
718 2795 847 2859 dicendi
858 2794 1022 2876 negligere
1038 2794 1161 2873 uolunt,
1177 2814 1291 2880 quam-

143 2913 193 2978 uis
218 2913 300 2977 bene
324 2931 395 2976 eam
416 2911 558 2976 habeant
580 2917 804 2996 perspectam,
827 2913 986 2997 probatur
1008 2933 1071 2979 non
1093 2915 1189 2980 modo
1215 2933 1292 2979 oon-

143 3031 219 3098 cisis
251 3029 424 3096 uerborum
455 3029 581 3095 srrftixis
615 3031 809 3116 quibusdam
841 3039 874 3096 et
902 3033 1080 3111 truncatis,
1113 3033 1292 3098 sedetiam

143 3168 278 3215 casuum
288 3150 510 3214 inconstantia
532 3156 564 3214 ct
586 3151 670 3215 inter
689 3171 724 3214 sc
742 3157 773 3214 et
788 3169 861 3214 cum
879 3149 1178 3235 praepositionibus
1191 3150 1292 3216 alter-

142 3269 301 3345 nantium,
322 3273 392 3332 tum
407 3267 562 3332 infinitiui
583 3267 796 3353 gerundiiquc
813 3287 874 3332 nsu
896 3265 1091 3353 promiscuo,
1107 3289 1168 3334 neo
1183 3270 1292 3335 minus

145 3385 345 3452 coniunctiui
385 3383 443 3450 illa
474 3405 572 3470 quam
612 3386 755 3452 diximus
789 3387 1003 3465 attractione,
1047 3387 1218 3454 infinitirris
1250 3389 1292 3456 iis

144 3505 198 3590 qui
220 3505 301 3568 fiunt
322 3505 357 3568 in
379 3502 506 3581 uerbiS,
537 3504 675 3588 perlecti
707 3525 766 3570 osu
799 3505 962 3570 constanti
992 3506 1085 3590 quasi
1114 3508 1293 3592 praeteriti,

143 3643 225 3709 quae
261 3623 370 3687 omnia
400 3621 527 3686 iaciunt
559 3621 602 3687 ad
644 3622 839 3688 facilitatem
876 3623 1041 3708 quandam
1077 3629 1111 3690 ct
1148 3644 1292 3710 pronun·

141 3741 247 3807 tiandi
270 3750 302 3806 et
324 3737 425 3805 uerba
448 3740 609 3819 faciendi,
642 3741 765 3826 partim
787 3741 970 3807 uariatione
995 3747 1026 3806 et
1051 3743 1146 3828 copia
1170 3744 1292 3830 partim

142 3860 328 3924 constantia
369 3862 402 3923 ct
440 3827 643 3943 aequilitate.
690 3879 772 3943 quae
805 3879 878 3924 curn
911 3861 960 3926 ita
996 3861 1079 3940 sint,
1125 3882 1191 3930 non
1231 3864 1292 3930 du-

145 3973 320 4042 bitabimus
357 3975 572 4046 contendere:
618 3977 760 4045 Lucretii
798 3978 998 4046 carminibus
1039 3999 1152 4046 uerum
1190 3986 1291 4066 'atquc

1065 4103 1084 4161 o
