2974 4730
601 383 941 447 ..20..„

191 550 253 618 hae
274 551 309 627 in
330 573 366 626 re
388 554 482 620 illurn
503 556 652 621 imitatus
676 555 719 622 sit
737 555 908 620 Lucretius
931 574 974 619 an
996 575 1075 620 snae
1098 556 1228 640 quidem
1251 562 1348 622 oeta-

194 669 237 734 tis
260 675 528 739 consuetudinem
552 679 696 740 secutus.
742 691 828 737 nunc
861 693 937 738 nero
969 673 1042 758 ipsa
1072 675 1216 754 ratione,
1249 695 1349 758 quam

196 787 385 857 obseruauit
406 798 505 877 poeta
526 793 561 857 in
582 797 720 876 utraque
750 792 978 858 terminatione
1010 791 1212 871 abhibenda,
1246 815 1350 879 appa·

197 911 249 972 ret
270 929 333 973 non
359 931 429 975 esse
453 911 663 993 cogitandum
686 909 725 974 dc
748 910 940 975 imitatione.
985 931 1125 996 namque
1154 930 1266 976 casum
1297 935 1351 978 ra-

200 1030 287 1092 ctum
300 1025 462 1112 pluralem
478 1031 513 1093 in
529 1027 581 1092 ‘es’
595 1028 824 1094 terminantem
842 1029 963 1092 fecitin
976 1027 1191 1094 substantiuis
1201 1029 1351 1110 LXXXI,

201 1145 339 1212 totidem
360 1148 537 1212 accusandi
550 1167 661 1212 casnm
684 1145 805 1212 habent
827 1147 860 1210 in
884 1145 937 1212 ‘es'
962 1147 1141 1226 cadentem,
1166 1168 1239 1213 cum
1257 1157 1354 1234 quat-

202 1269 276 1328 tuor
296 1263 384 1330 haud
407 1265 502 1350 plura
524 1266 724 1330 nomInatiuo
747 1266 781 1329 id
805 1265 889 1349 quod
913 1267 1031 1342 estis,
1063 1271 1098 1330 at
1121 1273 1236 1350 quarto
1260 1271 1352 1334 casui
1390 1243 1393 1248 ⁵

202 1383 291 1448 idem
313 1385 466 1449 surffixum
488 1384 694 1478 substantiae
716 1382 854 1448 XXXIV
878 1383 1032 1448 tribuant.
1079 1390 1194 1448 contra
1217 1386 1353 1452 adiecti-

203 1521 321 1566 uorum
342 1503 536 1567 nominatiui
557 1500 717 1570 XXXVII
738 1501 920 1567 accusatiui
941 1500 973 1566 X
1002 1502 1037 1567 id
1060 1503 1146 1586 quod
1169 1507 1220 1567 est
1242 1523 1276 1568 es
1300 1525 1354 1570 as-

205 1625 400 1699 sumserunt,
424 1601 562 1686 alterum
593 1619 640 1687 ‘is'
673 1611 1028 1704 nominatiuiquidem
1056 1625 1140 1698 tres,
1175 1626 1358 1690 accusatini

206 1735 325 1814 XLVI,
364 1740 450 1805 inter
489 1760 569 1825 quos
602 1740 682 1805 ‘tris’
714 1738 891 1804 numerale.
936 1739 1074 1822 denique
1107 1740 1140 1802 in
1172 1742 1357 1828 participiis

206 1858 389 1941 praesentis
413 1861 513 1924 actiui
530 1859 617 1923 idem
640 1859 708 1922 iere
732 1855 883 1922 modulus
905 1857 1113 1942 perspicItur‚
1137 1877 1208 1922 cum
1221 1858 1358 1926 LXXIV

208 1973 262 2040 ‘es’
284 1975 476 2042 admiserint
498 1977 533 2042 in
555 1995 634 2040 casu
656 1981 763 2052 recto,
788 1973 832 2038 lX
855 1977 888 2040 in
913 1979 1026 2060 quarto
1050 1995 1145 2053 casu,
1179 1980 1214 2040 at
1245 1977 1291 2042 ‘is'
1322 1979 1358 2044 in

208 2093 419 2159 nominatiuis
451 2093 495 2160 VI
522 2097 557 2158 in
587 2094 784 2159 accusatiuls
813 2091 954 2157 XXXIV
981 2094 1156 2160 inuenitur.
1201 2115 1253 2160 res
1285 2117 1359 2162 curn

208 2213 256 2277 ita
278 2232 313 2276 se
335 2212 464 2292 habeat,
487 2212 534 2277 ‘is'
557 2213 709 2276 suffixum
738 2212 772 2276 in
802 2215 917 2295 quarto
948 2230 1027 2276 casu
1061 2212 1296 2277 adieetiuorum
1327 2221 1360 2280 et

208 2331 456 2416 participIorum
479 2336 590 2396 noster
612 2329 707 2411 longe
730 2329 897 2414 praetulit,
921 2329 1002 2394 adeo
1026 2336 1062 2395 ut
1083 2331 1140 2394 uix
1170 2350 1286 2395 uerear
1308 2334 1358 2397 di-

211 2467 284 2515 eere
307 2450 535 2526 nominatinos‚
559 2449 708 2534 quisunt
740 2447 885 2512 ‘utaentis
915 2446 1076 2532 plorantis
1108 2446 1251 2536 halantis
1285 2450 1355 2512 ani-

209 2567 330 2632 mantis
353 2565 538 2653 plangentis
561 2564 716 2650 suentis',
743 2565 918 2629 mutandos
945 2584 1016 2630 esse
1047 2565 1082 2629 in
1115 2566 1265 2632 ‘uisentes
1287 2564 1358 2651 plo-

210 2690 321 2750 rantes
340 2684 489 2751 halantes
513 2686 694 2749 anImantes
721 2681 913 2768 plangentes
937 2682 1097 2758 suentes,
1128 2703 1231 2769 neque
1263 2683 1359 2750 aliter

210 2806 417 2870 accusatiuos
450 2803 508 2868 hos
540 2802 713 2890 ‘soluentes
744 2801 912 2866 uariantes
945 2802 1173 2868 conuenientes
1205 2807 1359 2868 nocentes

209 2927 370 2988 merentes
391 2922 570 2987 mulcentes
592 2924 765 2986 miscentes
795 2924 945 3006 potentes
974 2917 1137 2984 rubentes’
1167 2921 1232 2986 isto
1262 2940 1360 2986 accu-

210 3040 310 3106 satiui
332 3041 449 3105 suffixo
474 3037 521 3104 ‘is'
545 3059 615 3104 esse
645 3039 832 3116 donandoS,
862 3057 935 3102 oum
963 3057 1068 3120 neque
1098 3039 1226 3103 aurium
1256 3057 1360 3124 neque

209 3177 325 3222 sensus
348 3159 450 3224 ullum
473 3159 530 3224 fiat
551 3156 731 3243 periculum
751 3155 832 3221 locis
854 3154 919 3220 illis
950 3153 1110 3220 omnibus.
1156 3176 1268 3221 uerum
1301 3157 1360 3222 ad-

209 3277 403 3342 iectiuornm
425 3275 605 3341 accusatiui
626 3295 692 3340 non
714 3275 809 3341 modo
834 3275 1020 3340 ‘deteriores
1042 3293 1179 3358 rapaces
1198 3293 1359 3340 memores

211 3394 403 3479 capripedes
426 3395 567 3459 minores
592 3413 703 3459 omnes
727 3391 903 3458 dissimiles
933 3391 1044 3476 plnres
1073 3397 1201 3457 ueteres
1231 3394 1361 3476 praeci-

208 3514 305 3599 pites'
336 3531 409 3605 enm
433 3517 561 3590 extent,
594 3513 654 3578 sed
682 3495 781 3577 etiam
815 3511 936 3576 ‘suauis
960 3512 1065 3576 omnis
1098 3508 1254 3575 mortalis'
1287 3529 1362 3594 pcr-

209 3631 304 3698 multi
327 3631 383 3696 alii
406 3631 473 3694 eius
497 3631 634 3714 generis,
657 3649 716 3695 nec
739 3649 805 3694 non
832 3635 864 3694 et
894 3630 1034 3714 ‘rapacis
1064 3628 1209 3693 melioris
1240 3629 1360 3692 feracis

210 3751 359 3834 sequacis
383 3750 527 3834 expertis
549 3750 663 3814 teretis
686 3747 825 3832 duplicis
849 3747 1038 3833 praecipitis
1062 3744 1224 3820 maioris,
1257 3747 1360 3830 parti·

111 3851 114 3854 ¹
209 3869 296 3953 cipia
320 3867 457 3952 deniqne
482 3867 600 3944 omnia,
625 3865 768 3931 dubitari
784 3867 913 3949 poterit,
939 3871 1048 3931 utrum
1072 3865 1236 3929 adiectiua
1256 3863 1360 3949 parti-

208 3971 357 4073 cipiaque
380 3985 490 4050 omnia
512 4005 611 4048 unam
634 4003 782 4048 normam
805 3985 975 4068 sequentia
1005 3983 1228 4047 accusatiuum
1255 3983 1290 4048 in
1313 3981 1360 4046 ‘is'

192 4105 398 4182 „terminent
429 4123 470 4169 an
495 4109 618 4169 ‘omnes
642 4099 826 4168 dissimiles'
860 4101 895 4166 in
917 4101 966 4166 ‘is’
989 4100 1182 4181 terminari,
1221 4099 1361 4184 ‘rapacis
