2974 4730
526 399 865 463 ..21-

121 569 265 635 melioris
288 567 415 636 feracis*
438 575 471 636 et
493 589 577 654 quae
607 575 683 635 sunt
711 569 837 654 reliqna
867 569 902 633 in
931 567 984 635 ‘es'
1016 569 1124 654 potius
1154 568 1272 633 eadere

124 687 264 754 uoluerit
284 689 464 754 Lueretius.
510 689 636 754 seilicet
657 690 753 753 metri
775 687 960 754 differentia
982 705 1040 766 66,
1075 705 1271 772 quampro-

124 807 332 874 6116666666
361 807 553 872 suffixorum
582 808 668 872 sexti
697 827 793 873 66666
829 805 865 872 ‘e'
889 811 921 872 et
944 805 973 871 ‘i’
997 806 1175 891 spectauit,
1208 805 1272 870 hue

123 924 203 990 nibil
225 926 376 1010 pertinet.
422 945 538 990 uerum
568 927 623 1010 qui
646 923 1274 1007 61166166616611616116116[11955]
1312 922 1316 929 ’

125 1043 229 1108 616616
251 1043 308 1125 [Vl
329 1045 405 1128 936]
427 1044 569 1129 duplicis
592 1042 647 1130 [IV
668 1041 763 1130 lbol,
792 1055 919 1108 mutare
949 1045 984 1107 in
1007 1042 1135 1107 ‘uitales
1160 1061 1271 1106 omnes

125 1159 758 1247 (1661166666611611116,1166661166]
782 1173 819 1228 eo
843 1163 969 1238 minus,
1004 1180 1066 1246 quo
1091 1161 1271 1225 crebriores

125 1279 558 1348 6616161111116166661616616
580 1283 615 1346 in
636 1281 865 1346 tritbemimeri
889 1285 921 1346 et
942 1280 1190 1365 penthemimeri
1214 1280 1272 1344 ad-

125 1397 290 1463 mittentes
313 1376 463 1465 Luoretio
486 1406 664 1466 euenerunt
686 1399 758 1464 utI
783 1401 823 1464 91
850 1398 910 1463 103
936 1399 994 1460 111
1022 1397 1166 1463 130191
1201 1397 1276 1474 194,

126 1517 195 1580 siue
218 1517 364 1582 eiusdem
393 1518 469 1584 libri
499 1518 743 1597 1666166.
768 1516 811 1583 IV
834 1517 875 1582 26
898 1519 939 1582 68
965 1515 1022 1582 131
1052 1515 1113 1582 153
1136 1517 1200 1581 200
1230 1517 1273 1580 al.

125 1640 299 1718 praeterea
320 1636 425 1702 simile
449 1638 618 1702 obseruari
640 1637 717 1700 lieet
746 1638 779 1700 in
809 1635 1033 1724 substantiuis.
1080 1654 1119 1698 ex
1157 1633 1273 1719 quibus

126 1774 200 1820 curn
222 1756 458 1820 nominatiuum
481 1757 514 1820 in
537 1757 585 1820 ‘is'
610 1756 809 1828 desinentem
830 1753 1005 1818 exhibeant
1027 1759 1181 1838 quattuor
1193 1773 1275 1838 quae

126 1878 203 1937 sunt
224 1875 344 1939 montis
366 1849 521 1959 [11666]
543 1874 647 1958 partis
670 1872 711 1954 [V
733 1873 810 1956 494]
832 1871 946 1937 imbris
969 1872 1009 1954 [V
1031 1869 1105 1958 216]
1129 1873 1275 1956 parentis

129 1990 182 2069 [lV
205 1989 309 2070 12131,
333 2011 444 2056 661661
466 1994 500 2056 16
522 1991 628 2058 loenm
651 1997 787 2056 ‘montes
818 1998 930 2075 partes
960 1989 1082 2085 imbres
1114 1989 1275 2075 parentes'

129 2109 307 2174 succedant
327 2116 505 2174 necessest.
549 2131 664 2175 uerum
687 2110 867 2174 6666661161
890 2129 964 2173 eum
985 2108 1137 2190 legantur
1160 2111 1275 2173 ‘aionis
1318 2120 1326 2131 '

130 2227 219 2292 auris
242 2229 321 2292 61616
343 2229 437 2292 66616
461 2230 550 2293 66116
573 2228 654 2292 uiris
689 2227 743 2290 uis'
771 2228 856 2308 ignis
888 2225 1002 2292 imbris
1035 2201 1125 2290 661116
1155 2227 1276 2292 6616116

132 2344 220 2408 orbis
242 2347 330 2410 aedis
354 2348 470 2428 unguis
493 2349 566 2410 finis
589 2347 688 2410 161116
712 2347 815 2428 postis
839 2345 934 2428 pellis
956 2344 1057 2410 fascis
1077 2343 1180 2408 hostis
1199 2364 1277 2409 eon·

130 2461 227 2528 uallis
257 2464 352 2529 nubis
390 2467 493 2530 uestis
525 2461 605 2529 6616
646 2470 715 2528 tum
740 2463 871 2528 ‘montis
905 2464 1020 2544 gentis
1039 2463 1144 2548 partis
1176 2463 1277 2528 fontis

128 2582 248 2647 mentis
272 2582 361 2646 urbis
384 2584 482 2648 661116
506 2583 678 2667 potestatis
702 2582 814 2666 stirpis
837 2579 1031 2662 religionis,
1066 2601 1140 2645 6616
1174 2581 1276 2646 611616

130 2701 249 2764 suffixo
273 2706 395 2765 ‘amnes
419 2720 633 2766 6616666166
657 2701 744 2765 61166
767 2700 858 2780 ignes
881 2697 1002 2764 imbres
1026 2719 1152 2764 uermes
1182 2699 1277 2764 orbes

129 2819 228 2883 aedes
249 2819 328 2882 fines
350 2825 462 2903 postes
490 2820 598 2885 fasces
628 2817 731 2882 nubes
761 2821 869 2882 uestes
895 2816 978 2880 uites
1015 2817 1133 2882 caedes
1164 2816 1279 2902 unipes

129 2955 261 3000 6666166
284 2935 395 3001 elades
418 2940 511 3002 sedes
536 2936 638 3002 moles
661 2953 758 3020 rupes
787 2931 932 3015 ningues'
966 2941 1036 3000 tum
1065 2934 1150 3000 aliae
1183 2954 1279 3000 66666

129 3053 226 3130 16166,
249 3073 384 3138 qrrarum
407 3057 551 3136 genetiui
573 3053 758 3137 singulares
773 3072 838 3117 una
860 3051 990 3138 syllaba
1006 3051 1278 3132 ereseantLVlll,

131 3173 361 3238 stabiandum:
401 3179 458 3238 aut
489 3193 591 3258 aequo
620 3172 910 3238 inconstantiorem
945 3171 1047 3235 fuisse
1079 3175 1213 3255 poetam
1246 3171 1282 3235 in

129 3294 269 3374 utroque
292 3289 408 3354 suffixo
433 3290 634 3368 adhibendo,
658 3295 715 3356 aut
736 3291 771 3354 in
794 3289 906 3354 decem
928 3287 993 3353 illis
1016 3289 1197 3354 1666116-
1229 3309 1281 3353 16-

131 3406 274 3488 ligionis'
287 3427 357 3486 ,666
378 3408 487 3473 minus
510 3411 544 3474 in
565 3408 674 3473 XXlll
697 3414 871 3473 ‘amnes-
894 3406 1042 3490 ningues’
1066 3408 1185 3472 suffixa
1205 3411 1282 3472 sunt

134 3524 350 3591 immutanda⁴
394 3525 455 3590 lioo
478 3527 507 3590 si
526 3528 583 3590 fiat
602 3526 763 3611 simulque
785 3527 813 3591 si
839 3527 1048 3599 concedatur,
1070 3526 1105 3590 in
1127 3523 1282 3589 ablatiuis

132 3641 211 3721 illis,
234 3662 440 3732 6661661166
465 3645 791 3710 66166166616616166
816 3644 884 3710 ‘bili
907 3643 981 3709 eolli
1003 3643 1059 3708 fini
1094 3643 1162 3724 igni
1186 3638 1284 3707 imbri

131 3759 203 3826 labi
224 3761 302 3826 nnbi
326 3761 396 3826 orbi
411 3761 488 3847 pelli
510 3763 623 3841 sordi’,
646 3767 812 3828 seruatam
828 3760 1071 3846 ossejregulam,
1094 3761 1281 3842 migratam,

136 3897 211 3942 oum
232 3879 350 3944 dieitur
379 3883 451 3945 ‘fine
483 3881 577 3945 nube’
611 3886 694 3960 eet,
734 3901 794 3946 neo
824 3881 971 3964 profecto
1000 3880 1109 3944 minus
1141 3879 1169 3944 61
1207 3877 1283 3942 ‘luoi

133 3997 234 4062 morti
255 3998 351 4082 parti'
374 3998 504 4078 similia,
529 3999 584 4063 1161
605 4004 642 4062 61
663 3999 807 4065 Lucretii
829 3998 977 4063 carmina
1006 4016 1065 4062 sex
1097 3995 1285 4062 declinandi

133 4115 283 4181 rationes
306 4115 454 4184 diuersas
478 4136 537 4204 pro
560 4119 723 4184 communi
755 4135 888 4184 numero
918 4116 1012 4183 nobis
1035 4119 1211 4200 praestent.
1252 4118 1286 4180 et
