2974 4730
574 389 810 454 ...5-

120 564 165 628 sit
188 559 326 626 alterum
350 559 517 626 emendari
542 559 683 626 alteram
717 561 893 646 deprauari
925 559 1033 645 potius
1065 546 1270 643 quambene

119 684 154 748 in
178 680 331 747 meliores
361 685 471 764 partes
502 677 585 742 illud
617 679 732 744 cedere
754 679 789 744 iu
813 680 1007 744 deteriores:
1039 695 1140 760 aeque
1168 672 1269 740 licen·

119 807 187 866 tem
223 799 325 864 foisse
364 797 507 862 Lucretii
539 796 708 862 modulum
738 799 773 862 in
803 797 964 863 uocalium
1001 801 1034 862 et
1068 794 1208 880 synizesi
1238 799 1270 857 et

122 919 272 994 diaeresi,
299 921 369 982 tum
392 916 427 980 in
450 914 585 980 elisione
608 915 810 1001 syllabarum
833 916 1000 990 finalium,
1022 920 1060 980 ut
1083 913 1139 1000 qui
1160 911 1213 976 uel
1235 912 1270 976 in

120 1037 150 1102 is
175 1040 208 1102 et
230 1054 268 1100 us
291 1034 390 1100 breue
415 1034 605 1098 exeuntium
628 1031 864 1100 uocabulorum
897 1042 1098 1119 postremam
1125 1031 1269 1096 litteram

122 1173 267 1221 consona
289 1157 444 1238 sequente
475 1151 548 1236 plus
572 1151 629 1216 LX
664 1151 745 1218 locis
776 1155 960 1230 interimat,
994 1153 1029 1216 in
1051 1150 1152 1216 uerbo
1184 1150 1271 1234 quod
1319 1195 1321 1201 ,

120 1278 170 1339 est
192 1271 337 1336 famulus
362 1275 518 1354 sequente
537 1270 646 1335 uocali
670 1271 805 1336 tertiam
837 1271 1002 1356 syllabam
1037 1271 1145 1354 ipsam
1168 1267 1270 1335 semel

118 1389 177 1476 [ΙΙΙ
204 1391 299 1474 1033]
324 1379 446 1454 auferri
469 1409 587 1474 passus
610 1389 663 1454 sit
687 1395 758 1455 tum
781 1391 868 1474 quod
890 1391 924 1454 in
947 1388 1055 1454 uerbis
1079 1388 1270 1474 compositis

118 1509 397 1595 praepositionem
417 1507 542 1572 uiciens
567 1508 711 1592 septiens
735 1509 904 1586 disiunxit,
930 1507 1127 1592 disyllabum
1139 1508 1270 1592 quidem

121 1627 136 1692 l
160 1629 222 1692 318
247 1625 292 1690 lll
314 1601 385 1693 262
403 1625 465 1690 858
490 1625 617 1690 87617
639 1627 703 1692 386
727 1629 790 1692 829
813 1628 876 1692 945
901 1627 1002 1691 7287
1026 1627 1089 1690 299
1113 1626 1269 1690 8801372

121 1744 256 1811 71332
294 1745 398 1823 1065,
442 1743 703 1828 monosyllabam
735 1744 835 1810 1452
866 1745 929 1810 651
963 1743 1271 1809 111543941104

122 1861 251 1930 111343
273 1863 337 1928 482
360 1862 404 1928 IV
425 1863 491 1928 560
513 1863 577 1927 884
601 1865 682 1928 1141
709 1863 793 1928 1242
815 1863 844 1928 V
869 1863 950 1930 1266
975 1861 1018 1927 Vl
1041 1863 1106 1926 394
1127 1863 1190 1926 456
1206 1863 1271 1926 570

122 2019 164 2032 -
193 1981 321 2046 numeri
356 1981 398 2046 ad
426 1980 599 2066 Bernaysii
627 1982 803 2078 editionem
834 1983 1014 2067 respiciunt
1044 2015 1086 2028 -
1113 2001 1180 2046 non
1211 1981 1272 2046 erit

124 2121 181 2167 our
203 2100 394 2174 haereatur,
430 2119 489 2164 neo
512 2101 617 2181 magis
646 2101 733 2184 quod
757 2105 789 2164 et
811 2099 844 2164 in
869 2119 1082 2164 consonarum
1107 2119 1190 2184 quae
1222 2099 1271 2164 di·
1309 2133 1311 2138 v

124 2221 208 2286 citur
230 2219 390 2303 positione
412 2218 502 2282 etin
524 2217 699 2284 uerborum
729 2219 933 2304 quorundam
965 2219 1126 2282 mensuris
1158 2220 1271 2283 incon-

124 2338 313 2404 stantiorem
348 2351 420 2402 sese
449 2337 615 2421 praestitit
647 2335 790 2402 latiusue
814 2335 918 2420 paulo
949 2336 1086 2402 indulsit
1107 2335 1171 2401 sibi
1192 2356 1270 2400 cou-

123 2458 321 2522 tractionem
344 2461 376 2520 et
393 2475 569 2540 syncopen.
615 2454 746 2536 singula
775 2455 930 2540 cuiusque
967 2459 1095 2537 generis
1120 2455 1272 2541 exempla

122 2575 277 2657 leguntur
299 2574 424 2658 passim
454 2573 541 2658 apud
566 2572 602 2638 L.
625 2572 819 2639 Muellerum
854 2573 893 2658 [l.
918 2573 940 2640 l.
963 2595 995 2662 p.
1020 2576 1083 2639 246
1106 2595 1178 2660 sqq.
1202 2579 1272 2640 tum

122 2693 166 2760 ib.
190 2713 221 2778 p.
246 2693 309 2758 317
334 2711 403 2778 sqq.
428 2691 491 2756 353
514 2694 610 2776 sqq.]‚
634 2693 786 2757 continuo
809 2712 957 2758 sermone
980 2693 1272 2778 perstrinxitBou-

124 2811 301 2877 terwelrius
323 2812 358 2874 in
382 2811 611 2894 quaestionum
627 2810 893 2876 Lucretianarum
918 2816 1104 2892 grammati.
1129 2816 1162 2876 et
1184 2812 1271 2877 oritt·

125 2949 170 2996 ee.
183 2929 220 2994 ll.
242 2927 295 2994 lll.
339 2927 401 2993 hae
422 2949 499 2992 uero
521 2949 573 2993 res
592 2929 714 3009 omnes,
738 2949 811 2994 cum
834 2932 962 3015 positae
983 2930 1051 2994 fere
1072 2930 1140 2995 sint
1162 2931 1196 2995 in
1218 2950 1271 2996 so·

123 3049 165 3114 lis
189 3039 356 3112 elementis
380 3045 581 3131 syllabisque
612 3049 682 3112 siue
706 3050 885 3114 coniunctis
910 3050 980 3114 siue
1003 3049 1176 3133 discerptis
1198 3048 1270 3134 pla·

122 3187 204 3232 neue
227 3165 385 3245 sublatis,
419 3167 585 3250 quaeritur
608 3185 651 3230 an
682 3165 933 3232 declinationem
964 3167 1141 3232 uerborum
1165 3169 1268 3261 nomi·

123 3263 265 3370 numque
287 3285 431 3368 itemque
454 3285 611 3368 syntarin
634 3290 732 3369 poeta
755 3286 947 3350 sustinuerit
968 3305 1270 3371 praenumerorum

122 3421 203 3468 eura
237 3401 401 3483 negligere
431 3403 501 3467 siue
532 3404 572 3467 ad
607 3423 702 3468 suum
733 3402 906 3468 arbitrium
935 3405 1120 3471 immutare.
1170 3407 1271 3488 igitur

124 3542 198 3586 eum
220 3525 300 3586 uota
321 3521 365 3584 sit
387 3520 556 3586 Munronis
579 3522 742 3586 sententia
764 3522 942 3607 [explicata
963 3523 1090 3610 l.l.pp.
1109 3524 1269 3609 317319]

125 3637 268 3706 colorem
290 3639 453 3723 quendam
476 3643 648 3724 antiquum
672 3646 704 3704 et
717 3641 869 3706 dictionis
895 3647 928 3706 et
949 3642 1108 3706 sermonis
1133 3641 1272 3706 carmini
1302 3701 1308 3714 ,

122 3757 265 3824 inditum
289 3775 360 3822 esse
379 3777 401 3820 a
425 3755 593 3832 Lucretio,
618 3745 681 3843 quo
715 3761 922 3825 satisfaceret
952 3759 1061 3824 nescio
1085 3760 1202 3844 quibus
1223 3761 1272 3826 of·

121 3877 205 3942 ficiis
230 3876 378 3962 poeticis,
402 3877 631 3961 inquirendum
655 3878 813 3962 primum,
838 3898 880 3942 55
903 3897 987 3963 quae
1009 3879 1153 3944 flexurae
1178 3878 1274 3946 obsu-

121 3995 208 4061 letae
233 3995 321 4080 apud
343 3993 437 4060 illum
460 4001 647 4071 occurrunt,
670 3997 816 4062 metricis
840 3998 880 4063 de
905 3997 1276 4082 causisadmissaepos·

125 4115 194 4180 sint
215 4114 342 4191 uideri,
383 4114 500 4180 deinde
526 4135 568 4180 an
600 4114 667 4180 alia
695 4117 870 4182 uetustatis
900 4117 1041 4198 uestigia
1069 4117 1279 4182 inueniautur
