2974 4730
105 1699 116 1716 '
213 1705 326 1772 XLIV.
350 1712 446 1772 natus
476 1725 548 1772 sum
576 1711 670 1791 patre
707 1703 893 1770 Gustauo
932 1702 1148 1790 Leopoldo
1181 1704 1365 1789 professore

303 1466 575 1552 EgoOarolns
609 1465 825 1550 Georgius
864 1465 1109 1552 Leopoldus
1146 1467 1366 1543 Staedler,

212 1589 290 1654 lidei
311 1585 520 1669 euangelicos
544 1587 703 1666 addictus,
726 1584 875 1651 Berolini
897 1586 1002 1670 pridie
1025 1585 1070 1652 id.
1102 1584 1160 1650 lul.
1184 1586 1260 1650 anni
1283 1585 1315 1650 h.
1340 1604 1365 1648 s.

1448 1683 1449 1723 l

193 1807 321 1907 regio,
354 1830 459 1890 matre
480 1823 621 1891 Minna
652 1824 692 1889 de
720 1830 815 1904 gente
838 1822 1017 1908 Stmpp,
1041 1821 1158 1908 quibus
1179 1821 1285 1887 lustro
1309 1821 1366 1886 ab·

214 1941 288 2007 hine
308 1943 471 2028 proximo,
493 1941 582 2006 haud
603 1960 721 2022 magno
744 1941 883 2027 tempori
902 1941 1009 2026 spatio
1032 1941 1212 2018 interiecto,
1234 1961 1287 2006 me
1311 1959 1364 2005 or-

214 2061 329 2126 batum
349 2079 421 2126 esse
444 2059 651 2126 uehementer
682 2057 785 2124 doleo.
820 2057 981 2124 elementa
1008 2057 1192 2124 litterarum
1228 2062 1364 2125 edoctus

214 2179 368 2264 auspiciis
389 2178 540 2246 Adolfi
563 2178 647 2243 Kre
662 2177 727 2257 oh,
749 2179 812 2244 uiri
834 2177 1077 2262 spectatissimi,
1101 2197 1196 2262 quaem
1222 2178 1288 2242 iam
1313 2177 1363 2242 in-

214 2304 264 2365 ter
286 2299 434 2364 uiuentes
456 2297 552 2362 ualde
578 2297 818 2372 desideramus,
837 2300 954 2360 'annos
976 2295 1055 2360 XIX
1086 2300 1182 2360 uatus
1212 2297 1365 2362 examino

212 2435 271 2501 pro
294 2415 581 2500 abitu'superato,
610 2420 737 2480 rectore
769 2415 990 2480 illustrissimo
1020 2413 1197 2482 Beseler
1226 2433 1362 2478 numero

212 2535 333 2601 ciuium
368 2533 600 2600 Universitatis
632 2531 818 2598 Fridericee
849 2529 1029 2598 Guilelmus
1051 2532 1271 2598 Berolinensis
1303 2533 1363 2599 ad-

212 2653 354 2738 scriptus
375 2669 558 2736 nomenque
581 2650 668 2737 apud
689 2648 736 2715 ill.
787 2648 1074 2717 Muellonhoii
1103 2651 1261 2716 decanum
1284 2655 1363 2716 tuno

210 2769 378 2838 facultatis
409 2769 653 2856 philosophicae
689 2787 763 2834 sum
802 2770 980 2855 professus.
1035 2769 1124 2834 uiros
1160 2774 1269 2834 autem
1300 2788 1362 2854 per

210 2889 388 2956 triennium
404 2889 514 2956 audiui
530 2888 768 2955 eruditissimos
785 2886 1012 2954 celeberrimos
1025 2886 1084 2952 hos
1107 2883 1363 2954 Trendelen·

208 3007 316 3091 burg
350 3005 523 3074 Boecklr
555 3005 697 3092 Haupt
727 2998 958 3073 Kiruhhofl
987 3005 1146 3072 Jordan
1176 3003 1362 3092 Geppert

209 3125 329 3212 Bopp
351 3123 647 3194 Muellenhofi
667 3123 898 3192 Steiuthal.
922 3124 1038 3212 quibus
1053 3119 1203 3190 omnibuis
1219 3123 1361 3207 gratiam

206 3242 322 3325 habeo,
346 3263 444 3328 quam
466 3243 578 3328 debeo,
600 3245 788 3312 maximam.
1448 3237 1449 3252 ¹

682 3550 888 3563 ψ»...-
