2974 4730
637 385 891 450 ...ss-.-

192 575 263 622 asse
287 555 400 640 possit,
423 560 553 639 praeter
575 573 674 619 unam
696 555 972 640 praepositionem
994 552 1086 619 illam
1105 553 1193 620 indu.
1239 551 1336 638 qrram

190 672 287 738 iniis
310 673 514 757 potissimum
538 673 729 758 compositis
752 679 808 739 aut
831 681 906 738 ante
929 673 1012 738 tales
1035 693 1133 738 uoces
1156 677 1254 758 poeta
1277 673 1335 738 ad·

192 789 361 870 mittebat,
385 811 467 875 quae
491 812 564 856 cum
587 811 607 856 a
631 812 775 857 consona
796 793 972 876 incipiant,
1001 793 1142 876 primam
1174 789 1336 874 syllabam

193 915 377 994 correptam
406 909 543 974 alteram
579 911 773 995 productam
802 909 961 988 habeant,
998 915 1077 994 puta
1100 910 1202 991 ‘gredi
1226 910 1337 993 pedire

193 1033 326 1112 perator
348 1047 463 1094 manus
485 1027 588 1093 mari'.
634 1030 719 1094 uada
743 1029 941 1113 perspicitur
964 1027 1166 1100 Lucretium,
1191 1047 1263 1091 curu
1287 1029 1336 1091 di-

194 1151 281 1210 ceret
304 1145 523 1230 ‘induperator
545 1147 623 1212 indu
651 1155 779 1212 msuus'
810 1153 842 1211 et
874 1152 1055 1230 00000001
1083 1143 1226 1230 reliqua,
1258 1145 1338 1210 nibil

195 1263 285 1329 aliud
321 1265 427 1346 egisse
457 1284 556 1349 quam
587 1270 624 1330 ut
654 1266 793 1330 creticos
822 1266 952 1329 uitaret.
997 1265 1060 1329 loci
1091 1269 1167 1328 sunt
1199 1263 1230 1326 bi
1262 1263 1339 1329 182
1428 1308 1436 1324 .

194 1384 259 1450 240
280 1381 310 1447 ΙΙ
333 1384 394 1447 102
415 1384 479 1448 400
504 1385 585 1448 1006
609 1382 650 1448 lV
673 1385 715 1448 68
738 1385 801 1448 316
823 1385 886 1448 305
909 1384 974 1447 964
1002 1382 1030 1448 V
1062 1384 1123 1446 102
1159 1383 1220 1446 813
1255 1385 1338 1446 1225

194 1501 237 1564 Vl
258 1502 322 1566 453
346 1501 410 1565 890
434 1502 576 1567 1000-
611 1502 734 1566 atalia
758 1501 905 1566 obsoleta
928 1501 1168 1566 imitationi
1192 1501 1335 1583 priorum

194 1620 336 1684 maxime
359 1617 455 1682 Ennii
478 1619 598 1697 deberi,
621 1621 690 1684 ueri
713 1641 778 1683 000
797 1621 926 1684 uidetur
948 1620 1149 1684 dissimilius.
1181 1619 1232 1683 bic
1255 1639 1340 1684 0000

195 1738 344 1822 inprimis
367 1742 563 1802 monendum
587 1747 653 1816 est,
678 1757 741 1822 qua
764 1739 818 1802 uia
841 1758 880 1803 ac
910 1740 1038 1802 ratione
1067 1739 1101 1802 iu
1136 1739 1341 1821 superiorum

195 1855 326 1940 placitis
349 1855 526 1954 referendis
551 1862 582 1921 et
605 1856 654 1920 usi
679 1858 745 1920 siut
766 1862 882 1940 poetae
906 1856 1003 1921 latini
1032 1861 1064 1920 et
1093 1857 1139 1919 uti
1164 1859 1339 1939 potuerint.

195 1995 309 2040 uerum
332 1975 417 2039 enirn
440 1995 517 2042 uero
547 1973 719 2059 oportebat
737 1976 936 2055 recognosci,
960 1975 987 2038 si
1006 1975 1077 2058 quis
1092 1973 1226 2037 alterius
1240 1974 1341 2038 uerba

198 2095 333 2158 carmini
356 2113 415 2158 suo
437 2095 639 2171 inseruerat,
663 2093 814 2178 quomam
838 2094 871 2157 id
899 2094 926 2156 si
950 2113 1068 2173 neges,
1102 2093 1157 2157 fiet
1179 2097 1215 2156 ut
1249 2099 1341 2157 uates

196 2210 415 2277 Romanorum
439 2211 520 2276 alius
554 2210 653 2276 alium
692 2210 850 2296 spoliasse
886 2211 1076 2288 uideantur,
1107 2229 1168 2294 quo
1205 2213 1340 2294 quisque

198 2331 352 2395 maiorem
392 2330 454 2395 sibi
488 2332 551 2414 ipsi
589 2334 817 2413 compararent
858 2329 987 2394 laudem
1024 2329 1197 2412 poeticam.
1243 2329 1343 2409 igitur

198 2449 260 2512 nisi
301 2449 382 2513 bene
426 2469 465 2513 ac
508 2447 676 2533 praeclare
719 2449 808 2513 dicta
851 2449 1034 2512 imitatione
1080 2448 1232 2527 effingere
1277 2468 1341 2512 uon

196 2564 382 2631 studebant.
429 2586 493 2650 qua
532 2567 661 2650 uiridem
700 2567 733 2629 in
770 2587 804 2631 re
840 2567 873 2631 id
919 2567 1123 2651 potissimum
1163 2567 1342 2630 carumdem
1409 2547 1412 2556 ’

197 2691 286 2762 erat,
330 2703 370 2749 00
401 2661 644 2749 0011001001ἰο
682 2686 824 2749 excessis
857 2684 1082 2768 seruiliterque
1119 2685 1196 2748 totis
1241 2687 1342 2748 uersi-

198 2802 258 2867 bus
287 2803 435 2888 repetitis
465 2803 590 2887 species
623 2803 806 2868 efficeretur
841 2803 981 2866 miserae
1012 2801 1143 2886 inopiae
1166 2802 1235 2868 siue
1271 2823 1343 2867 uer·

197 2920 310 2986 borum
334 2921 403 2986 siue
425 2923 669 2986 sententiarum.
716 2940 813 3006 quam
843 2920 884 2986 ob
915 2939 1047 2986 causam
1074 2940 1146 2986 oum
1170 2922 1242 3005 0010
1266 2942 1343 3006 poa-

196 3046 303 3104 tarum
340 3039 424 3104 fcrte
454 3039 621 3105 incidebat
659 3040 693 3106 in
726 3041 863 3105 eandem
898 3059 968 3104 rem
1011 3043 1340 3120 commemorandam,

197 3177 294 3242 quam
317 3157 435 3223 eximie
460 3177 649 3242 expressam
671 3159 738 3222 ianr
760 3160 794 3222 in
817 3157 986 3223 cuiusdam
1018 3129 1161 3222 carmine
1185 3160 1265 3223 satis
1290 3179 1341 3223 ce·

196 3275 322 3340 lebrato
345 3275 541 3345 inueniebat.
566 3275 687 3342 licebat
709 3277 903 3342 sententiam
927 3275 1055 3360 quidem
1081 3277 1201 3340 referre
1233 3277 1341 3342 uerbis

198 3400 309 3458 tamen
337 3396 458 3479 partim
487 3396 622 3460 mutatis
658 3394 777 3480 partim
811 3395 961 3459 seruatis.
1006 3393 1066 3459 hcc
1101 3402 1209 3458 autom
1241 3415 1343 3475 genas

196 3511 398 3589 imitationis
421 3511 597 3578 uernacula
621 3513 706 3597 quod
730 3514 866 3577 dicimus
891 3517 1127 3590 lt'ecbbr'lrlaup,
1151 3511 1213 3576 buc
1237 3515 1343 3576 minus

196 3631 346 3714 pertinet.
391 3632 497 3712 magis
519 3651 604 3696 nuno
628 3633 670 3695 ad
692 3651 770 3709 000,
795 3650 867 3695 cum
890 3651 954 3693 non
978 3630 1149 3693 sententiis
1182 3631 1239 3694 sed
1264 3630 1342 3694 solis

196 3747 306 3814 uerbis
329 3751 489 3814 recentior
522 3749 595 3834 quis
623 3768 867 3834 praecessorem
896 3748 930 3811 in
959 3754 1029 3812 arte
1059 3747 1183 3830 clarum
1214 3750 1346 3814 referat.

198 3867 284 3951 quod
305 3867 376 3932 fieri
397 3886 463 3932 non
492 3872 621 3951 poterat
642 3841 705 3932 nisi
726 3866 834 3932 uerbis
858 3873 915 3931 aut
945 3867 1026 3951 ipsis
1059 3886 1118 3950 per
1149 3885 1183 3930 se
1213 3873 1347 3953 propter

198 3986 340 4050 sonitum
363 3984 612 4052 cossocationem
647 3986 874 4051 formationem
905 3983 1149 4070 praestantibus
1181 3991 1239 4052 aut
1271 4005 1347 4070 prc-

199 4105 314 4190 ptcrea
337 4103 424 4196 quod
447 4105 535 4169 notio
560 4103 672 4189 aliqua
694 4105 843 4190 quamuis
866 4103 985 4184 exigua
999 4121 1082 4168 noue
1105 4107 1202 4187 atque
1217 4103 1345 4184 egregie
