2974 4730
227 545 322 608 metri
346 545 509 610 tractandi
534 546 671 611 ratione.
721 547 840 612 etenim
872 549 992 626 Carus,
1027 569 1224 634 quamquam
1259 551 1371 616 Anna

226 659 305 726 lium
326 668 493 728 auctorem
521 670 592 758 arte
622 683 736 730 uersus
758 663 963 750 perpoliendi
987 665 1187 751 limandique
1203 669 1369 753 aliquanto
1463 651 1469 674 ⁸

226 786 369 865 superat,
391 781 485 863 longe
507 781 642 848 inferior
663 783 827 847 inuenitur
838 783 871 846 in
885 783 998 848 eadem
1020 804 1055 848 re
1070 784 1203 850 Marone
1226 786 1278 852 uel
1301 790 1371 872 ipsc

226 899 368 965 Nasone.
390 901 586 966 nouissimus
611 902 697 968 enim
728 895 917 966 Lucretiam
940 903 1102 985 poematis
1127 905 1231 969 editor
1253 905 1371 970 Munro

227 1015 277 1105 [iu
294 1019 527 1085 commentario
556 1015 1008 1105 suop.321sqq.]artilicia
1041 1040 1105 1084 non
1134 1021 1223 1086 nulla
1255 1028 1370 1106 poetae

223 1139 329 1204 nostri
351 1138 531 1222 proposuit.
551 1138 633 1202 haee
662 1142 771 1202 autem
792 1142 829 1201 ut
858 1137 1044 1216 declarant,
1069 1159 1141 1204 eum
1172 1141 1298 1204 aurium
1320 1141 1370 1206 iu-

224 1259 310 1322 dicio
332 1258 465 1324 minime
495 1257 595 1322 fuisse
630 1257 832 1332 destitutum,
854 1257 903 1321 ita
936 1259 1121 1336 ostendunt,
1154 1277 1236 1341 quae
1259 1258 1370 1324 obser-

223 1377 357 1443 uantiae
380 1374 567 1441 subtiliores
590 1375 624 1439 in
648 1376 792 1440 carmine
812 1375 962 1456 fingendo
987 1380 1095 1440 aetate
1132 1376 1368 1460 posterioribus

223 1497 288 1562 sint
309 1495 478 1581 probatae,
501 1514 568 1558 nou
590 1492 735 1557 obtinere
755 1512 810 1557 eas
834 1493 920 1577 apud
942 1493 1138 1558 Lucretium.
1169 1495 1227 1560 sed
1250 1494 1368 1579 quibus

220 1615 364 1681 manime
387 1613 484 1679 rebus
513 1611 697 1677 claudicent
717 1611 806 1676 illius
830 1611 975 1676 carmina
1006 1611 1040 1676 L.
1054 1611 1190 1677 Mueller
1219 1612 1368 1678 inlibris

221 1736 289 1800 suis
312 1733 351 1799 de
373 1751 409 1797 re
429 1731 566 1797 metrica
588 1736 759 1816 poetarum
782 1729 959 1794 latinorum
982 1732 1175 1816 conscriptis
1197 1732 1367 1814 indicauit,

218 1853 426 1939 potissimum
447 1849 530 1916 libro
562 1849 668 1914 tertio.
713 1847 788 1912 inde
803 1849 1016 1933 perspicitur,
1043 1850 1186 1914 caesuris
1210 1869 1285 1915 eum
1308 1851 1366 1915 ab·

217 1973 342 2039 undare
378 1969 485 2034 minus
526 1965 728 2050 elegantibus
764 1964 819 2030 uel
855 1967 961 2030 minus
1002 1961 1168 2047 eleganter
1207 1967 1294 2033 inter
1331 1987 1366 2034 se

218 2089 414 2169 coniunctis,
446 2092 517 2152 tum
551 2085 721 2151 nonsatis
750 2084 896 2148 studiose
919 2084 1064 2162 cauisse,
1087 2104 1127 2148 ne
1149 2085 1184 2149 in
1215 2086 1366 2151 ordinum

216 2211 353 2277 duorum
376 2225 416 2273 ex
440 2223 577 2272 caesura
598 2203 858 2290 proueniantium
881 2199 998 2266 finibus
1021 2202 1148 2266 muneri
1171 2202 1291 2267 sinceri
1314 2211 1364 2268 at·

216 2349 277 2415 que
288 2326 407 2409 integri
427 2299 636 2390 laederentur
657 2321 812 2408 spondeis
834 2321 868 2384 in
884 2318 1090 2405 dactylorum
1112 2319 1220 2385 locum
1243 2322 1365 2387 admis-

214 2449 269 2513 sis.
299 2466 361 2532 quo
383 2443 526 2530 pertinet
556 2459 711 2506 uersuum
735 2440 790 2524 qui
820 2439 974 2503 dicuntur
1003 2438 1258 2544 spondaicorum
1286 2459 1363 2504 usus

214 2564 375 2641 crebrior,
400 2579 473 2626 cum
504 2560 575 2644 ipso
603 2562 702 2644 poeta
724 2556 777 2622 uel
809 2557 947 2621 diaecesi
981 2556 1130 2622 adhibita
1157 2577 1210 2623 uu.
1233 2556 1278 2621 ΙΙΙ
1299 2559 1364 2622 330

213 2683 276 2749 704
298 2682 360 2747 813
382 2678 436 2745 uel
466 2677 706 2744 constructione
730 2675 889 2757 singulari
911 2673 955 2739 IV
979 2673 1063 2739 1054
1085 2675 1298 2740 ‘obversatur
1320 2675 1363 2740 ad

213 2803 311 2869 auris’
333 2818 392 2885 pro
417 2797 580 2863 communi
600 2795 658 2862 illo
677 2793 824 2860 ¹‘auribus
838 2792 1041 2858 obuersatur'
1065 2793 1118 2857 uel
1129 2813 1167 2858 eo
1188 2793 1275 2877 quod
1288 2800 1358 2860 toto

212 2921 295 2987 libro
317 2921 411 2984 sexto
433 2915 558 2981 nullum
581 2915 649 2980 eius
672 2913 801 2996 generis
824 2932 954 2978 uersum
977 2911 1149 2990 effinxerit,
1173 2916 1226 2977 sat
1249 2917 1361 2997 aperte

213 3039 366 3115 declaret,
390 3055 425 3101 se
448 3033 701 3119 spondiazontes
731 3031 859 3097 modice
888 3036 1019 3094 tautum
1041 3030 1185 3095 uoluisse
1208 3030 1359 3115 proferri.

213 3175 411 3246 quamquam
441 3153 471 3219 ei
502 3155 681 3219 euenerunt
717 3168 851 3214 numero
880 3147 1017 3213 XXXII.
1055 3149 1193 3247 denique
1224 3149 1362 3213 eundem

213 3277 387 3344 uerborum
410 3271 624 3338 collocatione
653 3287 810 3354 peccasse
834 3267 1002 3346 discimus,
1027 3286 1091 3351 qua
1121 3268 1238 3331 iterum
1262 3272 1360 3353 atque

212 3400 331 3465 iterum
360 3394 396 3458 iu
417 3390 566 3457 uersibus
607 3388 676 3454 eius
716 3388 841 3451 factum
871 3385 923 3462 sit,
954 3389 991 3448 ut
1022 3385 1057 3450 iu
1085 3386 1147 3450 fine
1178 3384 1362 3451 hexametri

213 3513 410 3582 dissentiant
433 3513 586 3575 accentus
619 3505 853 3587 grammaticus
877 3510 910 3570 et
931 3501 1121 3588 rythmicas.
1166 3505 1360 3588 saepissime

214 3635 299 3699 enim
328 3629 448 3694 accidit
482 3625 571 3712 opud
600 3623 796 3702 Lucretium,
839 3628 876 3688 ut
910 3621 1082 3687 claudatur
1112 3640 1226 3686 uersus
1257 3620 1358 3688 uerbo

213 3747 457 3834 monosyllabo,
496 3743 658 3829 bisyllabo
694 3741 748 3806 uel
784 3739 989 3826 polysyllabo
1022 3740 1246 3824 praecedente.
1292 3739 1360 3806 alia

212 3889 298 3938 nune
320 3866 446 3931 leuiora
477 3882 516 3928 oc
549 3860 721 3941 subtiliora
753 3860 964 3937 omittantur,
1001 3879 1042 3926 ex
1065 3857 1130 3922 illis
1154 3877 1236 3943 quae
1260 3857 1358 3922 modo

212 3983 537 4058 commemorabimus
571 3982 638 4045 iam
672 3977 786 4044 licebit
814 3979 980 4054 conicere,
1026 3995 1100 4041 cum
1136 3981 1168 4042 et
1187 3976 1289 4050 ,metri
1326 3981 1358 4040 et

209 4110 341 4188 linguae
363 4102 448 4169 ratio
471 4100 635 4166 artissime
656 4099 742 4164 inter
765 4115 800 4164 se
823 4095 1035 4174 cohaereant,
1060 4096 1108 4160 ita
1132 4098 1255 4160 utnon
1280 4112 1355 4177 pos-
