2974 4730
108 1311 213 1420 Cum
224 1349 265 1413 de
280 1369 429 1416 sermone
442 1357 559 1435 poetae
570 1351 729 1415 disserere
741 1350 952 1428 instituimus,
968 1349 1260 1437 nonidsequimur‚

106 1469 143 1528 ut
161 1463 285 1533 formae
308 1470 420 1534 uariae
443 1468 708 1550 grammaticales
728 1468 925 1553 regulaeque
952 1469 1105 1553 syntaxis
1136 1467 1177 1534 ab
1200 1469 1259 1536 illo

106 1583 271 1650 adhibitae
303 1587 562 1673 obseruataeque
584 1588 619 1652 in
647 1608 745 1652 unum
777 1589 871 1672 quasi
900 1587 1009 1652 locum
1040 1589 1259 1668 conferantur,

105 1701 138 1766 id
162 1707 247 1792 quod
270 1707 376 1772 altera
397 1727 438 1772 ex
460 1715 554 1793 parte
577 1707 698 1772 Holtzii
722 1725 822 1791 opera
844 1705 1014 1792 [Syntaxis
1036 1707 1258 1775 Lucretianae

105 1820 314 1912 lineamenta]
337 1827 403 1890 iam
417 1843 517 1912 prope
542 1825 691 1890 effectum
709 1845 779 1890 esse
800 1827 957 1890 uidemus.
989 1826 1048 1891 sed
1070 1829 1258 1911 patefacere

107 1943 274 2008 studemus
298 1945 499 2026 singularem
532 1946 696 2030 quandam
721 1945 854 2026 linguae
884 1946 1026 2029 speeiem
1050 1965 1143 2024 eam,
1174 1967 1257 2032 quae

4 2046 9 2054 ¹
106 2062 250 2128 Lucretii
273 2064 472 2130 carminibus
503 2071 691 2148 praestatur
720 2084 867 2150 quaeque
898 2064 1081 2129 continetur
1102 2085 1168 2129 non
1189 2072 1258 2132 tam

107 2183 230 2247 normis
253 2181 398 2264 singulis·
414 2181 648 2264 uocabulorum
661 2181 899 2248 fleetendorum
910 2189 943 2248 et
964 2183 1049 2248 inter
1065 2202 1100 2248 se
1123 2185 1258 2250 coniun-

108 2303 286 2384 gendorum
308 2322 405 2386 quam
428 2302 555 2366 ratione
578 2302 660 2386 ipsis
683 2302 806 2366 normis
829 2300 896 2368 illis
919 2302 1031 2368 utendi
1049 2279 1117 2366 siue
1142 2321 1258 2370 seuera

109 2422 321 2498 autremissa,
346 2422 415 2486 siue
438 2422 620 2486 artificioso
642 2425 675 2484 et
696 2422 856 2486 concinna
878 2426 935 2486 aut
956 2419 1086 2488 liberali
1108 2427 1141 2487 et
1163 2424 1258 2506 quasi

109 2540 262 2617 naturali,
284 2557 325 2602 ne
347 2539 455 2604 dicam
476 2540 550 2604 rudi
564 2538 741 2604 incultane.
771 2545 806 2605 11
829 2546 864 2604 11
885 2544 972 2604 11111
994 2539 1100 2624 possit
1122 2541 1257 2606 demon·

110 2660 228 2737 strati,
275 2677 372 2742 quam
387 2656 546 2722 rationem
569 2655 739 2724 Lucretius
762 2663 892 2722 secutus
915 2659 976 2735 sit,
1021 2658 1163 2742 primum
1186 2659 1257 2744 qui-

113 2779 186 2843 dem
218 2776 405 2861 quaeritur,
451 2794 492 2856 an
512 2773 677 2856 linguam,
722 2774 827 2860 qualis
850 2776 885 2838 in
912 2775 1079 2840 hominum
1102 2759 1257 2842 111111-

113 2915 172 2981 que
205 2894 369 2959 eotidiano
406 2893 602 2958 uersabatur
641 2899 711 2958 tum
751 2914 824 2958 cum
856 2893 1001 2958 carmina
1038 2900 1257 2978 componeret,

110 3015 301 3078 immutasse
323 3012 483 3077 uideatur.
796 3001 802 3008 ’

178 3131 266 3208 Quas
289 3131 390 3211 igitur
412 3149 544 3206 normas
563 3149 601 3194 ac
619 3130 749 3211 regulas
769 3129 899 3196 saeculo
924 3149 952 3194 a.
976 3151 1007 3195 u.
1038 3131 1176 3215 septimo
1200 3131 1258 3196 ho-

113 3250 216 3314 mines
238 3251 274 3313 in
300 3247 403 3314 latine
425 3247 556 3332 quidem
579 3248 741 3332 loquendo
758 3247 990 3332 sequebantur,
1013 3251 1141 3314 metri
1164 3270 1258 3332 gra-

113 3368 176 3432 111
197 3368 357 3449 migrasse
380 3361 423 3462 Τιχ
441 3366 625 3432 Lucretium
656 3368 725 3431 ueri
760 3365 962 3431 simillimum
993 3374 1051 3432 est.
1096 3367 1149 3432 hio
1171 3369 1258 3434 enim

115 3486 202 3569 quod
231 3505 339 3549 rerum
368 3491 519 3549 naturam
555 3487 698 3550 carmine
727 3486 952 3551 illustrandam
985 3485 1050 3552 sibi
1079 3488 1261 3571 proposuit,

116 3605 246 3688 quantis
278 3603 526 3670 difficultatibus
549 3603 582 3667 in
618 3623 715 3688 opere
746 3604 844 3668 fuerit
878 3602 1023 3668 obiectus
1057 3624 1121 3668 non
1157 3603 1260 3686 lugiet

116 3724 325 3804 cogitantem,
349 3729 465 3806 poetae
487 3721 574 3786 illius
597 3723 755 3787 materiae
785 3727 921 3806 propter
942 3722 1181 3788 sententiarum
1205 3742 1259 3789 co-

115 3860 237 3906 nexum
268 3841 542 3924 seueritatemque
572 3841 892 3921 argumentationum
920 3861 960 3905 ne
992 3841 1161 3906 minimum
1189 3842 1260 3928 qui-

114 3959 190 4024 dem
212 3959 310 4042 licere
333 3979 463 4024 cursum
486 3958 641 4024 orationis
666 3959 854 4030 deflectere,
878 3963 914 4024 ut
936 3964 1041 4024 metro
1064 3957 1161 4023 alicui
1184 3978 1259 4024 con·

117 4079 220 4144 trario
256 4078 414 4142 considat.
459 4078 517 4142 sed
547 4077 652 4157 magis
683 4077 781 4142 otiam
811 4078 898 4164 idem
930 4075 1099 4162 probabile
1122 4078 1158 4141 111
1189 4077 1263 4161 ipsa

1013 4193 1058 4257 111
