2974 4730
620 357 920 424 -48-

201 529 346 608 metium,
369 528 437 592 iam
460 545 663 612 quaeremus,
687 528 773 594 unde
795 535 920 596 sumtus
945 547 1016 596 esse
1038 530 1208 611 uideatur,
1231 551 1271 597 ex
1296 551 1351 596 ue·
1440 519 1441 526 '

201 651 322 715 tustate
346 667 389 714 an
412 667 452 712 ex
474 645 606 729 uulgari!
625 667 687 714 usu
708 647 863 733 loquendi
883 668 925 740 an
949 668 990 712 ex
1013 650 1115 734 ipsius
1145 655 1261 736 poetae
1294 670 1350 736 pe-

199 774 298 847 01010,
323 765 472 845 silibet,
494 769 531 830 ut
553 785 684 832 uersum
718 767 885 844 conficiat,
917 766 988 832 siue
1017 767 1106 834 aliud
1139 770 1216 854 quid
1247 769 1349 834 males
1441 811 1442 820 1

200 908 273 954 eum
296 889 475 971 spectasse,
519 905 635 970 nempe
657 886 793 970 propria
814 886 997 970 particulae
1019 888 1053 952 ui
1069 906 1116 952 ao
1140 887 1266 953 ratione
1289 889 1350 951 mi·
1441 875 1442 878 ¹

199 1007 285 1072 nime
308 1004 390 1070 talia
413 1004 563 1085 effingere
586 1004 781 1083 uetabatur,
810 1008 941 1088 praeter
970 1025 1067 1089 quam
1096 1007 1184 1090 quod
1214 1005 1347 1071 uatibus

196 1125 377 1202 interdum,
399 1110 435 1188 ut
457 1123 525 1188 suis
548 1121 644 1188 rebus
675 1122 865 1201 consulant,
902 1121 980 1190 lieet
1008 1124 1138 1218 linguae
1167 1124 1255 1207 leges
1286 1117 1348 1190 mi·
1442 1096 1443 1162 l

63 1229 68 1234 ’
198 1261 354 1326 gnare—
397 1247 567 1328 praeterea
590 1261 673 1326 quae
704 1248 996 1308 commemorentur
1026 1245 1200 1312 dumtaxat
1231 1243 1349 1326 dignae

198 1370 275 1430 sunt
296 1361 552 1449 praepositiones
576 1366 661 1426 ‘oum
684 1359 726 1423 ed
748 1359 824 1444 per'.
861 1377 911 1427 ‘ex
941 1361 1056 1445 quibus
1088 1381 1170 1446 quae
1207 1364 1349 1448 primum

197 1484 306 1548 loeum
327 1485 426 1562 tenet,
450 1480 613 1545 interdum
646 1497 719 1543 eum
752 1478 852 1543 uerbo
883 1477 1089 1545 substantioe
1125 1487 1236 1558 extat,
1274 1501 1348 1545 cum
1443 1491 1444 1500 ’

197 1602 284 1668 idem
306 1598 374 1664 1010
396 1597 507 1663 ualeat
530 1603 628 1682 atque
651 1596 815 1662 abletiuus
840 1598 893 1682 qui
918 1597 1037 1662 dieitur
1059 1598 1345 1682 0110111011011347

198 1720 261 1785 755
283 1718 326 1784 IV
349 1711 434 1781 1118
455 1717 483 1782 V
505 1717 568 1782 352
591 1717 655 1781 364
677 1716 721 1782 VI
742 1716 783 1796 bl.
828 1735 941 1780 uerum
972 1715 1109 1780 alteram
1150 1717 1182 1781 ΙΙ
1212 1719 1274 1783 135
1305 1715 1348 1784 IV
1444 1743 1445 1790 3

200 1839 284 1904 1054
305 1857 364 1922 pro
388 1837 499 1902 datiuo
523 1853 595 1899 esso
618 1840 764 1919 apparet,
789 1840 930 1900 ueterum
952 1833 1144 1900 relationem
1180 1837 1348 1922 quendam

198 1956 353 2042 exprimit
375 1953 524 2020 similiter
547 1971 586 2017 ao
616 1971 734 2034 graeca
763 1946 853 2017 κατά
884 1947 962 2040 πρός
1003 1953 1061 2032 [Ill
1092 1955 1154 2018 144
1187 1955 1253 2020 214
1282 1956 1344 2020 397

196 2072 460 2142 1173597569
483 2069 611 2136 71316
635 2069 698 2136 613
727 2071 811 2150 6791.
856 2071 1205 2158 nouissimadenique
1238 2071 1347 2138 1634
1445 2067 1446 2072 ’

196 2195 229 2260 11
251 2193 315 2258 258
338 2191 400 2256 898
422 2189 451 2254 V
474 2191 515 2254 72
540 2188 626 2254 haud
648 2189 696 2256 ita
717 2187 814 2272 longe
836 2190 938 2255 distat
960 2189 1001 2256 eb
1023 2189 1111 2256 illius
1135 2189 1172 2257 ‘a'
1196 2192 1266 2258 siue
1284 2189 1345 2258 ‘ab‘

198 2310 433 2394 significatione
457 2308 497 2374 de
519 2327 583 2392 qua
605 2327 704 2391 supra
728 2281 950 2392 exposuimus.

283 2425 342 2493 His
365 2447 450 2492 nune
474 2425 673 2491 absoluimus
697 2427 973 2492 enumerationem
994 2427 1127 2494 brevem
1152 2411 1345 2497 Ι1011111100-

197 2568 281 2627 rum,
304 2564 386 2630 quae
411 2546 439 2609 si
461 2545 547 2610 inter
570 2563 604 2609 se
628 2544 849 2624 conferuntur,
873 2544 1054 2630 apparebit,
1080 2547 1159 2632 quid
1180 2549 1248 2614 1010
1269 2569 1345 2615 sen·

197 2666 345 2734 tiendum
367 2663 410 2729 sit
432 2663 472 2730 de
494 2668 609 2748 poetae
632 2681 790 2728 sermone.
813 2663 904 2748 prius
927 2668 1037 2729 autem
1067 2665 1283 2732 iudicauimus
1307 2686 1346 2734 ea

198 2805 280 2873 quae
290 2789 323 2850 01
333 2783 430 2848 metri
452 2787 484 2847 et
506 2781 698 2846 imitationis
721 2781 829 2864 gratia
852 2783 979 2848 adscita
1003 2785 1205 2850 aeommuni
1227 2785 1346 2851 aetatis
1377 2873 1380 2876 ῃ
1403 2870 1407 2872 ‚

197 2905 267 2973 eius
301 2901 533 2968 consuetudine
561 2898 715 2984 loquendi
747 2899 954 2969 abhorruisse
982 2907 1135 2984 putamus
1167 2902 1346 2988 quibusque
1418 2875 1439 2884 Ἐ

194 3021 282 3089 falsa
295 3018 489 3104 antiquioris
513 3036 610 3101 quam
634 3016 702 3082 Vll.
726 3017 850 3084 saeculi
866 3019 1025 3084 sermonis
1048 3021 1172 3104 speeies
1189 3019 1275 3086 effici
1297 3023 1345 3088 ui·

196 3141 298 3207 detur.
324 3143 471 3202 attamen
487 3136 609 3215 dubito,
625 3156 701 3201 num
715 3135 787 3220 ipse
803 3140 902 3220 poeta
917 3136 1092 3222 populares
1103 3137 1163 3204 tali
1177 3140 1346 3205 modofal·

194 3258 262 3326 lere
272 3254 422 3348 uoluerit,
440 3255 627 3320 immoliret
641 3253 791 3333 uoluerit,
807 3274 883 3319 num
899 3255 947 3319 illi
957 3255 1018 3321 hae
1036 3257 1068 3322 in
1079 3277 1113 3321 re
1129 3257 1198 3322 10111
1214 3259 1344 3325 omnino

194 3375 370 3464 potuerint.
393 3375 602 3438 uerumenim
613 3373 918 3440 ueroLuoretiusea
932 3374 1050 3451 omnia,
1068 3394 1150 3460 quae
1162 3397 1203 3443 ex
1215 3383 1345 3462 praete·

195 3497 250 3563 1111
263 3495 385 3562 dudum
396 3492 552 3577 temporis
566 3511 627 3557 usu
635 3492 764 3557 dicendi
776 3491 945 3571 desumsit,
960 3513 1125 3578 nunquam
1133 3496 1278 3578 prolecto
1288 3497 1343 3562 de-

195 3615 375 3690 sumsisset,
398 3611 461 3678 nisi
475 3611 615 3676 confisus
634 3615 720 3675 esset
730 3610 800 3674 1010
818 3615 855 3675 ut
878 3609 1053 3676 lectoribus
1068 3631 1107 3677 00
1117 3611 1343 3697 probarentur,

196 3735 273 3798 dum
294 3729 523 3810 intelligerent,
548 3727 664 3814 quibus
682 3728 722 3793 de
746 3727 854 3792 causis
878 3733 935 3793 aut
947 3748 1043 3813 quem
1067 3731 1109 3795 ad
1126 3731 1223 3796 finem
1236 3737 1345 3797 essent

195 3849 362 3917 arcessita.
409 3845 514 3925 aliter,
537 3831 574 3910 ut
596 3846 725 3931 opinor,
747 3845 926 3911 uerendum
948 3847 977 3910 ei
1002 3854 1090 3925 erat,
1112 3853 1149 3912 ut
1171 3849 1273 3915 risum
1296 3856 1344 3915 te-

194 3972 311 4036 nerent
331 3966 450 4030 iterum
471 3970 567 4048 atque
590 3965 705 4029 iterum
730 3963 910 4029 incidentes
933 3965 967 4029 in
988 3964 1047 4030 ille
1071 3967 1114 4030 ‘ai
1133 3965 1189 4031 ier'
1213 3973 1245 4033 01
1261 3988 1344 4054 quae

196 4090 272 4152 sunt
295 4083 360 4150 alia
384 4082 452 4148 eius
475 4082 575 4151 modi.
620 4081 694 4148 hine
718 4100 845 4168 quoque
875 4082 999 4148 factum
1032 4103 1103 4150 esse
1137 4083 1342 4164 arbitramur,
