2974 4730
616 355 871 422 -ra-
989 441 993 448 ¹

175 533 251 594 sunt
274 529 381 592 ‘timeo
405 545 467 608 ago
490 526 583 611 prino
606 526 692 592 addo
716 527 837 592 666166
860 529 944 594 facio
969 528 1057 594 claro
1073 528 1201 593 insinuo
1219 523 1319 590 firmo'

176 625 1320 734 pmnwmnmnmmmmmwmvmm

175 764 262 848 9171
307 785 371 850 qua
392 765 425 829 in
446 765 528 828 reid
552 764 758 849 potissimum
780 767 960 832 notandum
984 771 1044 844 est,
1067 765 1154 850 quod
1176 764 1209 828 in
1221 761 1320 827 uerbo

175 883 381 948 substantiae
404 883 582 950 infinitiucs
615 883 679 964 legi
709 903 809 969 supra
838 885 961 950 dictum
995 889 1054 950 est.
1099 888 1135 948 at
1168 881 1323 968 qnoniam

174 1003 457 1072 intransitiuorum
486 1009 519 1066 et
549 1001 797 1078 transitiunrnm
826 1003 923 1068 modo
958 1001 1111 1066 infinitiui
1139 1001 1235 1066 modo
1267 1019 1323 1082 ge-

174 1121 293 1186 rundia
316 1119 462 1184 adhibita
483 1126 559 1184 sunt
582 1121 632 1200 [cf.
657 1121 757 1186 etiarn
790 1119 882 1186 1136
906 1120 1139 1196 cubaudumst,
1174 1117 1222 1183 III
1259 1118 1324 1184 834

176 1239 405 1316 6666666661,
436 1237 480 1303 Vl
503 1240 566 1304 919
596 1239 823 1319 adeundumst]
852 1239 921 1304 sine
951 1237 1020 1304 6116
1049 1238 1180 1304 omnino
1209 1255 1323 1303 sensus

176 1355 376 1434 diuersitate,
399 1356 504 1422 solum
526 1357 737 1442 relinquitur,
776 1363 812 1426 ut
833 1363 1007 1442 utrumque
1030 1357 1138 1422 dicere
1172 1354 1323 1421 Lucretio

174 1474 304 1541 licuisse
328 1454 519 1554 statuamus,
543 1477 701 1558 gerundia
724 1481 832 1541 autern
857 1475 963 1570 magis
987 1475 1016 1540 ei
1039 1474 1202 1560 placuisse
1225 1450 1324 1559 qnam

174 1593 362 1672 infinitiuos,
384 1594 529 1659 locorum
552 1594 721 1678 utriusque
740 1595 868 1676 generis
891 1594 1034 1658 numeris
1058 1593 1143 1658 inter
1165 1612 1200 1658 se
1222 1591 1323 1656 colla-

144 1712 218 1795 ,tis
241 1713 405 1778 suadetur.
451 1718 486 1778 at
515 1711 634 1794 legitur
663 1713 765 1776 futuri
799 1712 926 1797 passini
955 1712 1165 1798 participium
1198 1711 1322 1775 uiciens

175 1829 225 1894 bis
257 1827 282 1916 [I
314 1829 375 1896 127
398 1832 461 1896 726
494 1828 525 1894 Il
553 1831 593 1895 57
615 1829 680 1894 616
701 1831 767 1895 974
791 1832 872 1896 1037
910 1828 1323 1896 111364189231630

172 1949 234 2014 817
269 1950 313 2013 IV
346 1950 473 2014 44598
505 1949 532 2012 V
560 1949 601 2013 66
623 1950 687 2012 229
726 1947 768 2015 VI
799 1951 839 2014 37
863 1925 904 2014 82
925 1950 1138 2016 84374779
1161 1949 1240 2026 828,
1285 1953 1323 2010 ut

173 2068 333 2147 omittam,
358 2067 473 2151 quibus
489 2066 570 2132 locis
593 2072 774 2153 ‘utrumque
796 2067 879 2162 illud
901 2067 1054 2154 quodnil’
1072 2067 1323 2134 subiectafacta

171 2183 261 2271 sunt]
283 2186 317 2249 in
339 2184 448 2250 uerbis
471 2185 522 2250 his
545 2184 657 2250 ‘habeo
681 2186 782 2249 miror
803 2187 874 2250 uiso
899 2191 1006 2251 metuo
1029 2185 1136 2252 tribuo
1163 2186 1320 2250 clarano-

172 2302 288 2369 minito
309 2305 388 2389 puto
412 2304 508 2368 timec
532 2303 620 2384 fugin
643 2303 743 2368 reddo
768 2303 905 2370 adhibeo
928 2323 1006 2369 orno
1030 2323 1111 2369 cano
1135 2303 1319 2369 uitcuomo.

172 2419 226 2486 hic
248 2421 275 2486 si
299 2422 370 2506 quis
391 2421 530 2502 dixerit,
553 2423 639 2506 quod
661 2421 694 2486 hi
724 2421 788 2487 1661
819 2423 1017 2507 posteriores
1046 2422 1195 2515 nominis¹
1216 2423 1320 2507 parti-

171 2540 312 2626 cipiique
332 2539 533 2622 singularem
555 2539 719 2619 exhibent,
742 2541 886 2624 exceptis
910 2541 1024 2625 paucis
1057 2538 1156 2628 [1157
1180 2539 1242 2604 616
1272 2540 1320 2605 111

170 2660 211 2722 41
235 2661 278 2724 89
301 2657 429 2726 11698
452 2658 495 2724 Vl
515 2662 556 2726 37
581 2661 622 2724 82
645 2661 687 2724 84
709 2661 773 2725 374
795 2662 813 2725 7
818 2657 888 2746 791,
919 2661 1043 2746 priores
1065 2664 1197 2744 praeter
1219 2677 1318 2722 unurn

171 2775 328 2864 [111624]
353 2778 471 2843 6616611
493 2776 655 2863 pluralem
676 2797 787 2844 secum
808 2777 939 2855 habent,
962 2783 1093 2863 poetam
1116 2777 1151 2840 in
1173 2775 1223 2840 his
1246 2776 1318 2861 qui·

170 2897 246 2960 dem
267 2895 301 2960 id
322 2900 499 2980 spectasse,
522 2915 562 2960 ne
584 2896 825 2962 constructione
848 2895 946 2961 solita
969 2896 1073 2962 oratio
1096 2896 1188 2960 fieret
1208 2895 1318 2959 uersui

170 3012 346 3092 difficilior,
369 3014 522 3098 quoniam
545 3013 719 3079 ‘timendae
740 3011 825 3080 sunt’
856 3013 995 3098 ‘agenda
1023 3011 1106 3079 sunt’
1137 3013 1318 3078 ‘addendae

169 3138 254 3201 sunt'
277 3130 398 3197 similia
419 3151 485 3197 non
508 3131 609 3218 aeque
631 3131 728 3197 facile
750 3139 848 3216 atque
878 3132 1102 3197 ‘timendumst
1124 3131 1319 3213 agendumst

170 3250 397 3316 addendumst'
421 3255 453 3315 et
474 3269 557 3334 quae
580 3254 656 3315 sunt
677 3249 744 3314 alia
766 3249 964 3316 carminibus
992 3252 1196 3326 inseruntur,
1229 3248 1318 3314 hand

170 3370 239 3435 scio
262 3388 305 3433 an
327 3389 428 3454 prope
453 3368 539 3434 absit
561 3388 581 3433 a
602 3387 746 3434 uero-
789 3369 830 3433 de
863 3369 979 3453 supino
1003 3368 1160 3438 memoria
1182 3367 1318 3448 dignum

169 3488 298 3554 uidetur
320 3485 382 3552 hoc
405 3505 561 3565 asserere,
583 3486 674 3552 nulla
695 3487 764 3550 eius
786 3487 928 3567 uestigia
951 3485 1109 3572 deprendi
1133 3485 1222 3572 apud
1251 3485 1315 3550 Lu-

170 3607 318 3672 cretium.
363 3624 504 3688 namque
527 3605 614 3689 quod
640 3603 850 3670 Lachmanno
880 3605 1033 3690 placebat
1063 3604 1158 3672 ‘ortu'
1186 3601 1315 3686 [11387

169 3723 214 3790 VI
237 3721 321 3810 909]‚
346 3742 419 3787 cnm
442 3722 570 3788 codices
593 3727 730 3808 utroque
752 3721 824 3789 1666
848 3722 1023 3790 exhibeant
1055 3721 1184 3798 ‘ortus'‚
1205 3721 1316 3788 uidere

169 3861 234 3906 non
258 3859 402 3926 possum,
426 3841 553 3926 quade
577 3859 677 3906 causa
697 3840 787 3907 illine
809 3841 1021 3927 participium
1052 3841 1126 3906 hinc
1161 3838 1316 3904 substan·

162 3960 272 4024 tinum
293 3959 374 4024 reici
395 3959 542 4025 uelimus.
587 3963 658 4024 tum
681 3953 818 4025 ‘abortu'
842 3958 1011 4042 allegitur
1034 3957 1077 4023 IV
1109 3956 1208 4033 1236,
1240 3974 1315 4020 666·
1449 3962 1470 3984 ⁶

167 4075 379 4144 siderandum
402 4097 445 4144 an
468 4077 583 4144 melius
607 4079 665 4142 fiat
686 4077 736 4144 ‘ab
761 4080 842 4143 ortu'
867 4077 937 4144 scil.
970 4082 1195 4153 reuocatum,
1220 4091 1315 4161 prae-
