2974 4730
640 379 895 444 ..3ο-

282 557 380 637 aptus
402 551 446 617 IV
466 550 528 616 607
553 550 617 616 675
643 551 727 616 1250
749 551 792 616 71
816 550 878 614 773
902 548 962 612 961

282 669 452 736 dissimilis
474 669 504 735 V
527 670 590 735 154
954 691 970 729 ο

282 788 419 855 idoneus
441 788 487 854 VI
509 789 573 854 318

284 907 393 972 socius
415 908 431 972 Ι
452 909 496 974 24
517 907 520 914 ’

282 1026 405 1091 suadeo
428 1025 457 1092 V
481 1025 566 1091 1050

331 1224 333 1228 ¹
606 1144 920 1210 aoousatiuum:

283 1281 384 1345 arguo
407 1263 536 1328 71405

281 1381 373 1448 fruor
393 1381 438 1448 IV
461 1382 546 1448 1070

281 1501 473 1585 perfunotus
497 1501 544 1566 III
567 1501 630 1565 904

280 1619 721 1704 ΜΜΉΜΝΜ

281 1739 403 1805 suadeo
426 1739 458 1804 11
483 1740 543 1804 171

196 1862 232 1923 at
255 1859 393 1942 ‘sequor’
420 1857 481 1940 [III
504 1857 580 1942 900]
608 1857 811 1941 ‘consequor’
846 1853 1003 1942 [111927]
1037 1873 1103 1919 uon
1133 1849 1344 1916 adsoiuerunt

195 1975 353 2054 datiuum,
377 1995 451 2041 oum
473 1976 580 2042 ‘dietis
602 1974 676 2041 leto'
706 1975 788 2041 illud
818 1973 982 2068 ablatiuus
1015 1973 1070 2058 qui
1103 1970 1222 2036 dieitur
1256 1967 1342 2031 limi-

194 2093 329 2160 tationis
351 2092 412 2159 hoo
436 2113 554 2162 causae
577 2113 648 2160 esse
672 2095 807 2174 debeat,
839 2098 872 2159 et
896 2093 992 2156 nimis
1022 2089 1186 2156 subtiliter
1213 2085 1338 2160 Murro,
1471 2125 1472 2128 κ

195 2216 232 2277 ut
254 2210 338 2277 ‘leto'
361 2213 509 2279 datiuum
532 2232 602 2278 esse
623 2213 795 2299 probaret,
819 2208 1046 2297 ‘consequitur'
1075 2195 1134 2294 pro
1164 2205 1221 2270 iilo
1251 2207 1337 2267 ‘oon-

192 2347 329 2416 sequens
353 2330 410 2397 est'
435 2331 556 2397 dietum
579 2352 650 2398 esse
672 2332 851 2417 proposuit,
887 2329 967 2395 haeo
990 2347 1075 2393 niuno
1098 2326 1206 2391 omnia
1229 2340 1343 2407 quam-

194 2447 244 2513 uis
268 2447 383 2514 leuiter
405 2448 604 2534 perlustrata
627 2454 659 2516 et
679 2449 764 2515 inter
787 2469 821 2514 se
845 2453 1036 2534 comparata
1066 2443 1246 2518 docebunt,
1268 2459 1342 2503 uer-

193 2563 245 2632 bis
267 2587 332 2632 non
355 2565 452 2632 nullis
474 2565 561 2633 haud
585 2569 665 2633 satis
690 2573 840 2633 constare
863 2585 969 2633 ossus.
1015 2569 1157 2629 ceterum
1181 2579 1254 2626 oum
1276 2557 1342 2623 Lu-

194 2686 314 2753 eretius
336 2685 389 2752 hio
411 2687 636 2768 graecissandi
658 2690 820 2772 potestate
842 2683 1043 2758 abundaret,
1073 2688 1184 2746 tamen
1214 2680 1249 2742 iu
1269 2696 1344 2762 per-

192 2804 306 2890 pauois
329 2809 457 2870 tautum
479 2806 574 2872 modo
597 2805 765 2872 uocabulis
789 2805 933 2890 apertius
952 2803 987 2869 id
1008 2801 1132 2866 fautum
1156 2817 1228 2864 esse
1250 2795 1342 2860 uide·
1472 2797 1473 2824 *

194 2926 259 2998 tur,
302 2942 362 2988 neo
384 2924 529 3008 profecto
552 2925 731 2990 aecusatiui
755 2925 810 3008 qui
832 2923 951 2989 dieitur
973 2921 1083 3004 graeei
1105 2915 1256 3001 exempla
1285 2914 1343 2980 ha·

194 3038 255 3106 beo
279 3059 362 3125 quae
385 3039 519 3107 afferam
541 3043 605 3108 uisi
628 3044 727 3109 eorda
751 3043 779 3125 [1
803 3040 856 3125 13]
882 3045 1006 3106 mentes
1031 3033 1341 3119 ]Ι261]1111113[111

194 3157 267 3238 487]
292 3159 378 3243 quod
402 3159 455 3240 [IV
478 3162 550 3240 777]
574 3161 758 3244 adaugmen
788 3161 842 3241 [VI
874 3161 956 3239 614]
1010 3157 1125 3244 quibus
1158 3155 1267 3220 neseio
1299 3172 1342 3216 au

193 3261 312 3342 ‘urotus
346 3278 521 3346 sensiferos
551 3278 684 3346 moueri'
717 3277 775 3366 [111
797 3278 873 3367 508]
897 3279 1082 3344 addendum
1121 3277 1183 3350 sit,
1224 3271 1343 3352 legitur

194 3399 303 3460 autem
326 3395 370 3461 ‘id
392 3396 524 3463 moueri'
546 3397 592 3462 IV
615 3399 707 3463 1268.
752 3399 811 3464 sed
834 3397 915 3463 alias
945 3415 1071 3481 quoquo
1104 3377 1341 3458 adieetiuorum

194 3513 528 3599 quidempaoeusatiui
550 3537 609 3602 pro
633 3518 796 3582 adverbiis
819 3522 904 3595 suut,
928 3517 1058 3580 diuersa
1084 3512 1340 3576 141241811-

194 3636 283 3697 otum
305 3634 338 3699 H
359 3636 421 3699 217
445 3636 508 3700 226
532 3635 665 3723 obliqua
684 3637 716 3700 Π
744 3637 806 3700 247
839 3641 952 3700 mutua
983 3635 1014 3698 11
1042 3635 1083 3697 76
1115 3633 1163 3696 111
1193 3630 1256 3696 709
1297 3627 1344 3692 17

192 3749 256 3814 299
278 3751 342 3816 944
374 3753 402 3818 V
426 3755 508 3820 1098
537 3755 581 3819 71
605 3757 688 3821 1082
710 3760 933 3819 transuersum
956 3749 1226 3817 V14‘2anerba
1249 3749 1278 3812 V
1301 3749 1344 3813 33

192 3867 309 3934 erebra
330 3868 360 3934 II
389 3871 452 3938 359
481 3872 577 3959 plura
599 3874 628 3940 V
650 3875 690 3938 01
714 3873 843 3938 71245
866 3871 1011 3958 quietum
1039 3871 1066 3933 V
1091 3871 1174 3937 1125
1204 3867 1342 3934 sublimo

194 3985 239 4052 VI
262 3989 302 4054 97
336 3988 433 4057 obuia
456 3990 499 4056 VI
520 3994 616 4089 3311.Ι
641 4011 737 4078 quam
760 3991 799 4058 ob
823 4013 891 4057 rem
921 3991 1004 4057 illud
1035 3990 1086 4056 ‘id'
1118 3989 1205 4054 idom
1232 3985 1343 4058 ualere

194 4106 319 4174 eonioio
342 4113 440 4196 atquo
463 4108 540 4176 ‘ita'
584 4110 664 4178 haee
686 4131 763 4178 uero
785 4099 959 4202 ipsa'nurn
983 4111 1026 4176 ad
1048 4109 1158 4193 graeou
1182 4103 1341 4175 sermonis
