2974 4730
635 347 942 412 ,06-

195 516 305 580 minis
327 517 434 582 forma
469 518 596 600 longior
625 540 690 584 non
720 537 855 604 prorsus
886 518 979 614 abest
1001 537 1021 584 a
1044 515 1253 583 carminibus.
1298 515 1356 599 po-

206 639 326 702 stremo
347 636 509 702 indicetur
532 641 643 702 ‘exest'
669 637 840 720 [1119911
885 657 989 722 neque
1021 655 1098 701 uero
1129 633 1258 700 silentio
1280 651 1356 717 pre-

205 753 370 833 mendum,
393 755 480 840 quod
504 775 543 819 00
566 762 748 840 quaesunt
773 755 954 821 ‘coluerunt
977 756 1162 841 coperuisse
1185 751 1357 838 ooperiunt

207 879 359 957 surpere,
382 893 422 940 ne
445 874 608 940 distinctis
632 874 801 940 uooalibus
825 874 1052 950 adhibeantur,
1075 877 1215 938 metrum
1233 871 1355 936 obstat.

207 995 321 1058 eontra
341 992 376 1056 in
397 991 438 1058 iis
469 1012 554 1078 quae
586 996 662 1058 sunt
698 992 823 1058 ‘eodem
856 993 970 1058 eadem
1003 994 1102 1058 iidem
1135 992 1268 1056 eaedem
1302 988 1356 1054 oui

205 1108 280 1174 huie
312 1110 429 1175 deinde
459 1111 596 1195 proinde
628 1111 735 1196 quoad
765 1112 916 1177 deorsum
950 1119 1108 1188 seorsus,
1146 1131 1219 1176 oum
1248 1112 1353 1175 metro

204 1228 414 1312 permittatur
436 1228 609 1294 disiunctio
633 1229 812 1307 uocalium,
834 1235 980 1295 ettamen
1002 1235 1059 1294 aut
1082 1227 1273 1314 plerumque
1296 1231 1355 1290 aut

206 1364 336 1432 semper
357 1345 448 1412 faeta
471 1348 515 1414 sit
536 1347 700 1414 uocalium
722 1349 899 1433 synizesis‚
931 1348 992 1413 lroo
1022 1348 1134 1428 neseio
1156 1367 1199 1411 an
1222 1366 1286 1411 non
1310 1345 1353 1408 ad

204 1470 308 1531 artem
328 1467 493 1550 pertinere
514 1466 698 1550 putandum
717 1467 761 1533 sit
788 1467 849 1532 sed
872 1467 913 1532 ad
936 1467 1042 1551 ipsam
1071 1469 1252 1544 rationem,
1287 1483 1353 1549 qua

203 1582 350 1648 homines
373 1589 451 1649 tuno
473 1581 648 1649 utebantur
678 1585 712 1650 in
735 1584 903 1650 uocabulis
935 1585 985 1650 his
1015 1584 1069 1649 uel
1091 1584 1252 1650 similibus
1274 1601 1352 1667 pro·

203 1702 402 1768 nuntiandis.
425 1721 486 1768 nee
508 1702 616 1768 dicere
647 1703 790 1770 ‘saecula
823 1703 989 1770 uinoulum
1019 1704 1150 1769 uincula
1171 1699 1352 1767 uermionla

201 1819 385 1906 perieulum
409 1820 576 1891 miraeula'
599 1825 702 1886 metro
725 1821 896 1887 Lueretius
918 1821 1111 1902 metabatur,
1146 1826 1178 1886 et
1201 1819 1349 1908 profecto

202 1937 356 2004 ‘uincula’
388 1937 508 2021 legitur
542 1938 587 2004 ill
617 1940 659 2004 83
689 1939 854 2034 ‘pericula'
888 1940 915 2006 V
944 1942 988 2005 44
1011 1939 1188 2005 ‘miracula'
1221 1937 1265 2005 IV
1286 1937 1352 2001 400

200 2055 470 2123 ‘uermioulorum'
495 2055 539 2122 111
562 2059 634 2136 720,
658 2062 800 2123 ceterum
822 2078 894 2124 mos
925 2059 993 2124 eius
1016 2064 1066 2123 est
1087 2056 1307 2143 paenultimae
1329 2075 1351 2119 u

203 2175 351 2242 uooalem
373 2176 573 2256 interimere,
597 2196 658 2260 quo
682 2177 779 2241 simul
802 2178 932 2262 quidem
961 2177 1057 2241 metri
1080 2151 1266 2240 difficultati
1288 2173 1350 2238 ali-

197 2295 346 2380 quotiens
360 2295 541 2360 medioatus
555 2299 604 2360 est
625 2283 774 2379 [158011
789 2297 808 2360 6
827 2293 1197 2360 15111551074111417
1213 2293 1277 2358 002
1294 2291 1350 2356 901

199 2415 282 2478 1194
306 2412 591 2478 1345360813
615 2414 700 2478 1310
729 2412 858 2480 111603
884 2414 987 2492 10801.
1021 2431 1124 2496 aeque
1146 2431 1224 2477 uero
1249 2415 1344 2494 atque

197 2537 353 2618 quattuor
374 2529 442 2610 1110,
466 2550 548 2616 quae
573 2551 675 2617 supra
696 2531 926 2610 iudicauimus,
951 2536 1110 2597 exmetro
1133 2532 1262 2597 ueniam
1284 2526 1344 2591 ha-

196 2651 271 2717 bere
293 2653 432 2736 possunt
454 2653 597 2736 ‘reposta
620 2651 777 2736 disposta’
813 2650 951 2730 similia,
984 2652 1178 2736 praesertim
1201 2664 1346 2726 cumea,

196 2789 279 2854 quae
302 2772 358 2835 aut
378 2773 514 2854 propter
535 2769 669 2835 ultimae
693 2770 909 2854 quantitatem
932 2775 989 2835 aut
1003 2790 1044 2835 ex
1058 2788 1275 2834 consonarum
1285 2786 1345 2852 po-

196 2887 314 2954 sitione
337 2892 441 2952 metro
464 2906 531 2952 non
552 2888 683 2954 fuerunt
714 2888 842 2972 inepta,
876 2893 912 2952 ut
935 2908 960 2952 e.
985 2909 1014 2970 g.
1048 2887 1227 2973 ‘dispositis
1251 2888 1346 2969 inpo-

195 3007 295 3071 situm
318 3005 514 3090 adpositus’,
538 3005 667 3087 integra
689 3010 823 3070 seruata
845 3005 912 3070 sint
935 3026 955 3070 a
977 3005 1127 3071 Lucretio
1153 3009 1285 3090 praeter
1305 3001 1345 3067 il-

193 3124 251 3190 lud
274 3125 497 3210 ‘eompostum’
533 3122 587 3202 [Vl
607 3122 717 3207 1279J,
754 3123 840 3208 quod
865 3124 995 3209 quidem
1020 3145 1061 3190 ex
1084 3123 1271 3189 coniectura
1293 3139 1346 3185 re-

193 3242 344 3310 stitutum
363 3246 422 3308 est.

281 3358 331 3426 Ita
363 3361 523 3426 sermonis
553 3360 741 3427 Lucretiani
772 3361 973 3446 proprietate
1003 3361 1037 3427 in
1065 3361 1106 3427 iis
1139 3362 1207 3426 fere
1235 3357 1346 3436 rebus,

196 3499 279 3567 quae
300 3480 438 3548 tendunt
460 3479 504 3544 ad
525 3480 757 3546 flectendorum
783 3479 1016 3545 uocabulorum
1040 3480 1201 3558 rationes,
1236 3477 1347 3543 breui-

195 3603 244 3664 ter
268 3598 398 3684 quidem
419 3603 456 3663 ut
477 3618 538 3682 pro
559 3598 708 3683 opusculi
730 3598 848 3662 finibus
869 3597 1087 3682 perlustrata,
1110 3600 1177 3664 iam
1200 3596 1344 3676 aecingi-

193 3705 267 3782 mur
288 3721 325 3780 ut
345 3717 546 3789 indicemus,
576 3737 673 3800 quam
711 3717 800 3781 uiam
831 3718 865 3780 in
898 3717 1056 3786 orationis
1079 3716 1226 3803 partibus
1257 3715 1345 3780 inter

192 3854 228 3900 se
250 3833 482 3914 coniungendis
507 3835 576 3900 siue
599 3835 632 3898 in
655 3835 788 3919 syntaxi
809 3834 864 3902 ille
887 3837 971 3902 idem
996 3845 1126 3902 secutus
1159 3837 1211 3900 sit.
1257 3834 1344 3918 quod

190 3951 396 4038 propositum
417 3956 453 4016 ut
474 3957 562 4018 reete
584 3957 824 4037 perpetremus,
849 3974 889 4018 ex
912 3955 1024 4020 ordine
1054 3954 1146 4019 nobis
1170 3953 1343 4018 dicendum

191 4070 252 4136 erit
273 4069 315 4136 de
338 4068 552 4136 substantiuis
575 4070 645 4136 siue
668 4071 708 4136 de
732 4072 872 4151 nasibus,
897 4077 966 4138 tum
989 4073 1028 4138 de
1059 4072 1168 4138 uerbis
1199 4074 1268 4138 siue
1302 4066 1343 4135 de
