2974 4730
164 568 232 613 rem
254 549 322 612 iere
344 548 429 612 inter
452 565 486 612 se
509 547 651 614 flexurae
673 549 832 614 rationem
857 553 1052 632 sequuntur,
1081 545 1217 613 ablatiui
1240 542 1307 606 sul·

165 667 265 730 lixum
288 666 549 750 antiquissimum
579 667 633 732 ‘id'
664 667 717 733 vel
752 666 811 733 ‘ed'
833 665 968 749 longum
989 665 1166 732 Buecheler
1188 663 1209 727 l.
1233 662 1253 726 l.
1276 681 1308 746 p.

164 786 207 850 49
229 803 277 869 sq.
301 784 425 850 tribuit.
472 804 554 870 quae
577 784 687 850 omnia
709 787 856 870 exeeptis
879 786 1051 872 perpaucis
1086 784 1162 848 inde
1197 799 1311 846 asee-

168 903 232 970 ouli
254 924 282 969 a.
305 925 339 970 u.
362 905 447 968 sexti
477 905 539 968 fine
565 903 632 969 iarn
662 905 697 970 iu
726 923 743 968 e
773 912 921 989 correpto
953 905 1111 970 desiuisse
1141 903 1228 966 idem
1257 897 1312 963 ille

130 1093 133 1102 ,
168 1023 371 1088 demonsiret
392 1022 436 1088 ib.
466 1043 499 1106 p.
523 1021 574 1086 51.
604 1023 705 1105 igitur
733 1023 903 1088 Lucretius
927 1044 1001 1089 cum
1033 1023 1113 1087 haec
1147 1017 1315 1104 scripserit

169 1139 236 1204 'bili
261 1140 336 1206 colli
357 1141 414 1205 fini
432 1140 581 1206 Heliconi
603 1142 670 1222 igni
693 1141 790 1206 imbri
813 1141 881 1206 labi
901 1141 1005 1227 lapidi
1027 1141 1092 1207 luci
1115 1139 1214 1205 morti
1242 1155 1313 1200 mu-

171 1261 260 1324 croni
284 1260 362 1324 nubi
385 1259 456 1324 orbi
478 1262 566 1344 parti
588 1259 666 1345 pelli
688 1262 808 1326 rationi
832 1261 919 1325 sordi
942 1259 1087 1346 tripodi,
1111 1279 1130 1324 a
1153 1249 1316 1324 communi
1400 1260 1402 1262 ’

163 1397 249 1444 suae
271 1379 401 1462 quidem
425 1379 542 1445 aetatis
566 1381 814 1476 consuetudine,
845 1400 941 1463 quam
964 1381 1034 1465 ipse
1063 1383 1234 1464 praeterea
1264 1371 1318 1440 uel

171 1498 205 1562 in
226 1497 341 1562 iisdem
365 1497 534 1562 uocabulis
557 1498 754 1576 obseruauit,
778 1518 911 1584 prorsus
935 1497 1075 1562 deflexit.
1120 1515 1206 1560 nunc
1237 1512 1317 1578 quo·

171 1616 262 1680 niam
295 1615 433 1682 alterum
458 1589 839 1704 suffixumproduetam
870 1616 1007 1682 alterum
1040 1614 1221 1699 correptam
1252 1613 1320 1676 effi·

176 1736 241 1798 ciat
263 1733 436 1820 syllabam,
461 1736 559 1799 etiam
583 1736 705 1821 siquis
729 1737 768 1800 de
791 1735 1004 1800 substantiuis
1029 1733 1211 1810 dubitabit,
1243 1729 1321 1816 quid

174 1862 272 1940 poeta
294 1852 355 1918 hoo
379 1852 432 1917 uel
453 1853 510 1918 illo
535 1853 715 1918 adhibendo
739 1854 953 1938 spectauerit,
989 1853 1172 1918 consideret
1191 1850 1320 1915 Lucre·

174 1975 256 2038 tium
285 1993 325 2037 ne
357 1973 391 2036 in
424 1973 606 2057 participiis
630 1974 761 2057 quidem
783 1974 816 2037 10
847 1994 884 2038 ns
918 1969 1108 2039 cadentibus
1136 1970 1321 2056 pepercisse

174 2092 306 2157 illorum
329 2091 519 2156 suffixorum
544 2094 617 2156 usui
647 2094 809 2177 permixto
834 2095 902 2158 sine
925 2092 993 2156 ulla
1016 2111 1130 2156 seusus
1151 2091 1321 2163 uarietate,

176 2211 223 2274 ita
245 2215 355 2274 tamen
378 2215 414 2274 ut
435 2211 467 2274 10
493 2210 542 2274 bis
567 2211 695 2295 quidem
721 2231 822 2296 aeque
846 2217 942 2296 atque
965 2212 999 2276 in
1022 2211 1191 2276 adiectiuis
1221 2209 1232 2272 i
1255 2205 1324 2270 suf-

183 2331 280 2393 fixum
305 2329 400 2394 alteri
423 2331 593 2414 prolerret.
638 2331 747 2416 itaque
772 2351 843 2396 cum
868 2331 1014 2413 legamus
1038 2329 1082 2394 lll
1104 2329 1167 2394 (355
1202 2325 1325 2406 ‘lingua

179 2447 328 2512 uibrante
361 2449 496 2512 minanti
534 2442 646 2512 cauda
683 2451 779 2514 metri
811 2451 953 2515 maxime
982 2451 1142 2514 rationem
1173 2437 1326 2511 babuisse

178 2567 365 2634 Lucretium
387 2567 508 2630 nemini
531 2587 595 2630 000
618 2569 681 2634 erit
712 2547 937 2653 persuasum.¹
962 2567 1193 2633 eonferendum
1227 2563 1326 2630 etiam

180 2693 209 2750 ‘e
230 2684 328 2748 mare'
352 2683 366 2749 l
391 2687 451 2749 111
485 2687 577 2750 utin
601 2686 950 2769 uersibus'diligenter
973 2686 1168 2763 elaboratio,
1202 2683 1258 2747 ubi
1287 2701 1328 2744 ne

95 2787 97 2791 ¹
181 2804 319 2868 creticus
341 2803 472 2868 heroico
503 2807 613 2870 uersui
644 2807 774 2890 ineptus
797 2807 871 2883 fiat,
903 2810 1033 2869 constat
1055 2810 1091 2868 ‘e’
1111 2823 1170 2889 pro
1194 2799 1222 2866 ‘i'
1256 2819 1330 2864 eue-

181 2942 278 2988 nisse.

268 3041 331 3106 Sed
355 3043 396 3107 ad
420 3041 594 3107 uerborum
609 3043 728 3108 suffixa
744 3043 896 3110 obsoleta
916 3049 953 3110 ut
973 3048 1187 3118 transeamus,
1210 3041 1331 3106 Lucre·

181 3163 247 3226 tius
270 3163 303 3224 10
325 3162 468 3246 passiuis
491 3162 660 3226 infinitiuis
683 3163 730 3226 ier
753 3183 810 3247 pro
846 3162 903 3226 illo
928 3162 1013 3247 quod
1039 3169 1088 3226 est
1110 3163 1121 3225 i
1145 3163 1225 3226 adeo
1250 3161 1331 3224 ada·

187 3281 305 3358 mauit,
348 3269 384 3344 01
419 3279 507 3343 haud
544 3281 651 3344 minus
683 3279 771 3346 XLV
800 3281 881 3344 loeis
912 3281 1098 3358 admiserit,
1127 3281 1269 3344 maxime
1298 3279 1333 3342 in

185 3396 293 3462 uerbis
316 3397 432 3462 tertiae
456 3399 704 3480 coniugatiouis
751 3419 1010 3486 quemquamne
1040 3399 1240 3484 reliquarum
1264 3397 1334 3482 qui-

186 3515 260 3580 dem
284 3516 402 3579 desunt
422 3515 581 3601 exempla.
627 3537 740 3581 uerum
764 3519 849 3602 quod
873 3519 992 3582 totiens
1017 3519 1196 3582 eiusmodi
1229 3517 1334 3580 infini-

187 3634 248 3698 tiui
272 3639 446 3698 occurrunt
470 3635 557 3719 apud
580 3635 829 3720 10000100.
853 3637 937 3700 iuter
961 3635 1047 3700 CXV
1069 3636 1166 3720 primi
1188 3635 1264 3698 libri
1286 3636 1335 3698 in-

187 3752 329 3818 finitiuos
353 3754 536 3836 praesentis
560 3754 684 3836 passini
708 3774 822 3818 nouem
848 3761 975 3820 tautum
1005 3756 1101 3818 modo
1130 3754 1341 3818 inueniuntur

187 3890 261 3934 oum
276 3871 408 3934 ,suffixo
431 3869 486 3934 illo
511 3877 652 3950 uetusto,
674 3874 750 3956 iude
773 3875 839 3938 iarn
863 3879 1010 3958 apparet,
1034 3873 1077 3937 ad
1103 3879 1225 3938 certum
1243 3873 1340 3935 linem

190 3985 321 4073 poetam
352 3989 503 4053 retulisse
535 3991 696 4054 maiorum
732 4011 924 4057 sermonem.
968 3993 1068 4073 igitur
1098 4011 1168 4056 eum
1201 3989 1340 4056 alterum

193 4127 258 4171 uua
279 4107 438 4192 producta
464 4107 601 4172 alterum
628 4109 753 4175 duabus
779 4111 936 4195 correptis
961 4110 1167 4177 contineatur·
1196 4107 1341 4192 syllabis
