2974 4730
636 341 871 402 ..8.-

189 507 264 572 fixis
287 509 453 590 usi-sunt,
484 529 543 596 pro
566 509 711 595 spondeo
734 528 832 582 uuam
862 508 995 590 longam
1027 507 1182 574 substitui
1209 507 1333 574 liceret.
1452 490 1459 549 ²·

191 644 275 710 quae
296 627 422 695 utilitas
444 628 545 694 sicui
566 626 670 694 leuior
682 629 812 694 uidetur
834 626 889 692 uel
903 628 1109 712 compensari
1129 626 1337 692 incommoda
1460 623 1461 626 ’

192 748 301 828 quarti
324 766 419 813 casus
442 747 616 830 singularis
640 739 869 823 similitudine,
903 746 1073 811 Lucretius
1104 745 1234 810 breuius
1256 744 1338 810 illud

191 882 355 949 nusquam
389 865 539 934 adhibuit
571 867 606 932 in
635 867 807 933 adiectiuis
839 870 871 931 et
901 864 1164 952 pronominibus,
1200 869 1337 950 excepto

192 979 248 1046 illo
271 990 419 1051 nostrum
441 984 604 1065 1116551,
626 1005 701 1051 raro
724 987 758 1050 in
781 983 1005 1060 substantiale,
1029 1003 1069 1048 ex
1092 983 1209 1067 quibus
1232 984 1339 1049 ‘deum

195 1099 307 1170 diuom
328 1103 443 1169 uirum'
467 1105 592 1192 passim
614 1103 778 1187 leguntur,
800 1102 927 1187 reliqua
949 1101 1085 1182 singulis
1108 1108 1236 1168 tantum
1258 1101 1338 1166 locis
1465 1161 1470 1178 Δ

195 1215 309 1293 [1200
337 1221 382 1288 ΠΙ
412 1224 453 1289 13
480 1223 509 1288 V
538 1225 633 1302 883],
670 1222 720 1288 bis
759 1242 832 1288 cum
862 1221 1048 1286 inueniatur
1079 1219 1338 1304 ‘squamigerum'

195 1335 225 1402 Π
247 1340 310 1404 343
334 1342 426 1407 1083.
450 1347 565 1408 eontra
585 1343 717 1407 nomina
741 1341 998 1426 quaedicuntur
1021 1341 1176 1424 gentium,
1199 1343 1235 1405 ut
1258 1358 1340 1423 quae

194 1455 316 1541 plurali
349 1479 483 1526 numero
517 1461 707 1547 plerumque
739 1459 972 1539 adhibeantur,
1009 1479 1074 1522 non
1112 1459 1176 1522 nisi
1210 1458 1341 1522 breuius

196 1573 278 1641 illud
299 1597 354 1643 um
376 1580 620 1658 adsumserunt,
655 1583 732 1643 sunt
764 1584 873 1644 aretem
905 1577 985 1642 haee
1008 1576 1205 1642 Chaldaeum
1227 1577 1255 1642 V
1279 1577 1341 1641 725

197 1692 348 1761 Danaum
370 1697 385 1763 l
406 1697 447 1761 86
462 1697 595 1765 Graium
618 1697 647 1764 ll
668 1699 732 1762 600
753 1697 856 1762 vebs
877 1695 921 1760 Vl
944 1696 1007 1760 154
1019 1695 1198 1761 Molossum
1220 1695 1340 1760 V1061

198 1811 344 1880 Siculum
365 1815 409 1881 Vl
431 1818 503 1883 642.
549 1823 584 1882 at
605 1818 640 1902 in
663 1815 787 1903 primae
817 1815 1045 1887 declinationis
1079 1813 1237 1880 ruooabulo
1269 1815 1342 1881 uui-

200 1947 274 1996 cum
298 1938 348 2000 est
381 1935 436 2000 11
466 1935 685 2001 ‘Aeneadum’.
711 1970 749 1984 ψ
793 1955 891 2020 porro
920 1933 1089 1999 uocabulis
1118 1934 1174 2011 ile,
1208 1952 1343 2018 quorum

200 2049 318 2135 stirpes
341 2053 493 2119 desinunt
514 2056 549 2120 in
572 2073 747 2119 consonam
771 2052 1026 2138 qualemcunque
1054 2059 1111 2118 aut
1140 2054 1175 2116 in
1196 2051 1344 2116 uocalem

199 2176 331 2252 praeter
353 2192 380 2252 e,
403 2173 545 2254 genetiui
566 2172 702 2258 pluralis
718 2172 871 2237 suffixum
893 2193 948 2236 um
970 2193 1035 2238 non
1056 2172 1123 2236 ium
1137 2171 1345 2237 tribuendum

200 2305 273 2353 esse
293 2287 470 2357 Buecheler
491 2290 512 2356 l.
531 2290 551 2357 l.
575 2311 608 2377 p.
628 2293 672 2355 40
694 2292 813 2356 docuit.
858 2292 969 2377 itaque
1002 2291 1172 2359 Lueretius
1197 2311 1267 2354 curn
1288 2309 1344 2354 ex-

199 2405 313 2474 tulerit
335 2411 547 2476 ‘animantum
569 2410 770 2476 salutantum
790 2417 957 2476 meantum
978 2410 1161 2494 sopientum
1176 2409 1347 2490 balantum

199 2532 372 2610 pareutum
385 2531 652 2616 pennipotentum
669 2528 838 2594 uolantum
855 2533 1028 2593 canentum
1043 2534 1218 2592 uenantum
1234 2547 1347 2592 aman·

199 2638 278 2708 tum'
300 2645 474 2714 salientum
504 2649 666 2714 infantum
701 2645 903 2724 caelestum,
933 2647 1089 2711 inusitato
1119 2646 1186 2710 iam
1221 2647 1348 2730 pridem

197 2761 255 2827 illo
277 2764 312 2828 in
335 2767 506 2832 adiectiuis
530 2773 562 2833 et
584 2758 766 2854 participiis
788 2766 906 2832 tertiae
929 2765 1047 2830 suffixo
1078 2765 1175 2829 metri
1205 2764 1349 2830 necessi·

197 2885 267 2947 tate
291 2883 452 2950 adductus
474 2906 553 2951 usus
576 2892 634 2952 est.

282 3000 352 3068 lom
382 3004 482 3068 dandi
512 3022 608 3068 casus
632 3006 768 3092 quartae
792 3002 1018 3068 declinationis
1042 3022 1203 3086 nusquam
1227 3002 1352 3068 inueni·

197 3123 252 3184 tur
275 3121 327 3185 ‘ui'
351 3122 469 3188 suffixo
494 3129 629 3202 auctus,
662 3122 890 3216 deeieusoum
920 3123 1072 3187 adsumat
1095 3141 1115 3184 u
1144 3120 1193 3186 his
1220 3121 1352 3204 quidem

199 3234 281 3303 loeis
304 3235 417 3305 11408
440 3245 532 3305 tactu
563 3238 608 3304 lll
630 3241 693 3304 909
715 3260 777 3306 usu
799 3239 841 3304 IV
865 3241 925 3304 101
949 3241 1023 3304 uisu
1053 3239 1081 3303 v
1117 3241 1176 3304 101
1208 3241 1279 3304 uisu
1311 3239 1354 3304 11

196 3355 260 3422 118
299 3357 420 3422 adactu
452 3359 515 3424 119
545 3363 635 3423 tactu
666 3359 730 3424 180
760 3363 894 3442 aspectu
925 3359 987 3422 182
1022 3377 1120 3422 sensu
1152 3359 1234 3422 1148
1263 3365 1354 3436 motu

198 3479 300 3540 tactu.
346 3475 463 3561 quibus
497 3475 631 3541 uocibus
661 3475 837 3542 iambicum
861 3475 1015 3541 suffixum
1038 3478 1067 3540 si
1089 3475 1272 3554 tribuatur,
1303 3479 1354 3541 iu-

14 3619 15 3665 l
195 3599 283 3661 stum
312 3613 352 3660 uc
374 3595 537 3661 sincerum
561 3595 724 3661 creticum
750 3596 835 3659 111111
859 3613 879 3658 a
905 3598 1010 3659 metro
1033 3591 1163 3672 heroico
1195 3593 1357 3660 alienissi-

15 3687 17 3752 l
198 3733 288 3779 mum
311 3715 369 3779 uix
392 3733 473 3799 opus
497 3719 547 3778 est
569 3714 739 3780 (111111.-
772 3717 936 3798 postremo
968 3718 1081 3778 sentus
1112 3731 1207 3777 casus
1240 3716 1357 3779 tertiae

15 3759 18 3882 l
193 3829 422 3897 declinationis
461 3833 495 3896 in
525 3829 741 3896 substantiale
772 3832 902 3918 quidem
932 3851 997 3896 uon
1029 3831 1229 3914 nonqirami
1259 3832 1359 3900 habet

166 3969 248 4044 3pro
281 3969 309 4016 e·
353 3929 468 4044 nempe
490 3949 531 4014 iis
553 3949 741 4027 uocabulis,
786 3971 921 4035 quorum
947 3951 1068 4035 stirpes
1098 3949 1131 4012 in
1165 3950 1174 4014 i
1208 3951 1356 4017 trocalcm

189 4071 246 4136 cut
266 4067 299 4132 in
331 4086 506 4133 consonam
541 4067 797 4155 qualemcunque
825 4075 963 4148 exeunt,
1010 4086 1091 4153 quae
1120 4068 1278 4134 trocabulo
1300 4091 1359 4156 pa·

1351 4367 1485 4672 1,
