2974 4730
651 345 959 408 ,5ο-

220 506 396 590 ingenuum
419 513 553 596 linguae
573 512 696 579 latinae
719 519 860 594 statum,
888 513 994 600 qualis
1014 515 1076 581 fui-t
1100 515 1166 581 Vll.
1190 534 1219 580 a.
1245 535 1275 581 u.
1295 534 1368 582 sac·

222 627 306 707 culo,
328 649 425 715 posse
443 633 605 714 cognosci.
645 632 732 717 quod
759 652 795 698 eo
817 632 924 698 minus
948 638 998 698 est
1020 632 1260 716 negligendum,
1284 632 1369 718 quod

221 746 336 814 eodem
367 749 435 815 fere
467 755 612 836 tempore
640 750 720 819 liaeo
762 751 835 836 ipsa
871 749 984 832 lingua
1023 751 1066 816 ad
1092 751 1229 816 artificii
1268 751 1368 816 ratio-

219 883 278 932 nes
296 868 439 934 maxime
455 888 615 950 congruas
639 867 862 934 circumscribi
879 873 1037 954 coeptast,
1058 869 1108 934 ita
1125 874 1161 934 ut
1175 869 1282 953 possis
1296 887 1369 952 per-

221 981 357 1068 spicere,
381 1003 463 1070 quae
486 1005 506 1052 a
527 986 764 1052 mirabilissimi
788 986 894 1071 operis
918 991 1052 1052 auctore
1075 987 1105 1054 ei
1139 986 1207 1052 sint
1236 986 1369 1052 additae

221 1119 368 1188 quaeque
391 1102 522 1170 ablatae
545 1105 634 1170 uires
656 1103 870 1189 uirtutesque.

305 1221 371 1288 Sed
392 1221 475 1288 illud
496 1221 562 1288 iarn
583 1220 762 1308 linquitur,
787 1209 941 1308 quoniam
963 1222 1125 1289 interdum
1149 1220 1284 1288 alterius
1306 1221 1370 1286 liu·

219 1357 303 1420 guae
337 1341 567 1411 similitudines
597 1344 835 1426 apparuerunt,
868 1346 906 1406 ut
936 1339 1078 1408 breuiter
1106 1341 1259 1425 patefiat,
1283 1341 1370 1425 quod

219 1459 362 1542 spatium
384 1478 521 1543 graecae
543 1458 676 1540 linguae
696 1459 867 1525 Lucretius
891 1459 1085 1543 permiserit.
1117 1478 1232 1544 nempe
1255 1464 1292 1524 ut
1316 1479 1368 1523 or-

219 1583 315 1642 naret
336 1577 528 1656 orationem,
552 1576 732 1662 peregrinis
755 1575 848 1642 illum
869 1576 918 1643 uti
941 1575 1105 1654 noluisse,
1136 1595 1178 1642 ex
1210 1578 1251 1643 iis
1284 1595 1367 1662 quae

219 1714 320 1781 supra
343 1696 485 1762 diximus
509 1695 614 1762 conici
646 1695 777 1781 quidem
799 1700 942 1780 postest,
964 1715 1082 1761 uerum
1099 1700 1284 1774 necessest,
1308 1695 1366 1760 ali-

220 1815 306 1881 unde
342 1814 432 1882 idem
470 1814 575 1899 possit
605 1814 832 1880 demonstrari.
876 1815 976 1896 igitur
1006 1833 1047 1879 uc
1079 1811 1140 1878 lroo
1159 1791 1367 1891 contendam,

218 1908 299 1998 artis
323 1950 394 1998 esse
417 1951 542 1997 summe
565 1931 714 1997 excultae
735 1931 789 1998 uel
811 1950 894 2015 quae
917 1950 952 1996 se
980 1931 1054 2018 ipsa
1082 1936 1229 2016 superet,
1259 1937 1366 1998 exter-

216 2069 280 2117 nae
301 2049 434 2133 linguae
456 2048 545 2132 lagos
571 2050 771 2134 syntacticas
795 2047 969 2114 uernacula
987 2049 1119 2128 referre,
1142 2056 1241 2135 poeta
1258 2053 1367 2115 noster

216 2175 288 2235 tum
310 2189 384 2236 cum
405 2167 503 2234 facile
524 2173 655 2253 poterat
677 2166 884 2250 graecissari,
906 2165 1033 2234 scilicet
1049 2168 1084 2232 in
1106 2169 1273 2232 nominum
1294 2187 1367 2234 vcr-

216 2287 394 2372 borumque
426 2286 588 2364 rectione,
618 2285 850 2371 parcissimum
881 2303 953 2352 sese
982 2283 1152 2370 praebuit,
1182 2284 1300 2352 deinde
1327 2305 1367 2349 no

215 2405 442 2491 philosophiae
464 2403 596 2488 quidem
619 2403 775 2468 terminos
798 2421 916 2485 gracco
935 2401 1090 2468 adhibere
1112 2403 1208 2468 nimis
1233 2403 1366 2469 adama-

216 2525 274 2604 nit,
298 2525 333 2589 id
356 2523 442 2608 quod
464 2521 554 2586 haud
576 2520 750 2586 difficulter
772 2519 959 2606 patefacere
981 2520 1089 2606 possis
1111 2521 1153 2585 iis
1176 2521 1275 2596 locis,
1312 2518 1368 2586 ubi

216 2642 322 2708 latina
356 2641 517 2726 quaedam
546 2639 681 2704 nomina
710 2639 838 2720 graecis
870 2638 940 2704 siue
974 2639 1095 2704 additis
1127 2638 1199 2704 siue
1238 2618 1367 2704 omissis

216 2760 471 2830 exhibenturut
489 2757 670 2836 ‘foramina
700 2754 755 2844 [IV
777 2757 853 2842 648]
875 2757 1058 2842 ‘sapientia
1082 2753 1122 2844 [V
1147 2757 1195 2834 10]
1227 2754 1368 2833 ‘fulmen‘
1455 2817 1456 2822 ,

218 2877 275 2960 [Vl
290 2875 366 2964 298]
397 2877 531 2956 ‘fauces¹
550 2875 609 2959 [VI
631 2873 708 2958 701]
733 2880 802 2940 turn
823 2872 880 2940 ubi
901 2874 1025 2940 Auerni
1041 2874 1236 2956 significatio
1259 2872 1368 2940 decla-

217 3002 310 3062 ratur
331 2993 387 3082 [vl
409 2994 486 3078 740]
506 2999 673 3080 presteras
697 2990 753 3080 [VI
774 2990 849 3078 426]
873 2991 1131 3060 homoeomeriae
1155 2990 1182 3079 [Ι
1204 2990 1294 3075 834].
1318 2991 1368 3055 ni·

178 3177 183 3186 .
217 3117 337 3181 mirum
358 3112 489 3180 termini
512 3131 578 3178 una
602 3131 674 3178 oum
698 3112 771 3197 ipsa
793 3130 827 3176 rc
850 3110 903 3177 uel
925 3111 974 3178 rei
996 3111 1148 3176 doctrina
1168 3115 1200 3176 'a
1234 3107 1368 3174 Graecis

218 3233 345 3318 accepti
369 3231 487 3300 euitari
508 3251 574 3297 non
596 3234 767 3322 poterant,
790 3229 876 3295 unde
909 3227 992 3296 talia
1019 3228 1191 3316 irrepsisse
1222 3231 1370 3292 uerumst

219 3351 331 3438 qualia
364 3360 552 3432 ‘aegoceros
567 3348 790 3440 amaracinum
824 3347 990 3412 ambrosia
1017 3346 1227 3432 androgynus
1248 3345 1370 3412 arteria

217 3471 402 3552 astrologus
426 3472 601 3534 centaurea
610 3471 783 3532 centaurus
793 3463 1136 3532 ctesiaehabrotouus’
1152 3463 1219 3530 alia
1234 3464 1304 3531 eius
1316 3481 1370 3548 ge·
1457 3541 1458 3548 ἵ

215 3590 304 3656 naris
319 3589 407 3654 haud
422 3603 539 3671 pauca.
568 3603 682 3651 uerum
704 3585 745 3650 iis
769 3569 851 3669 quae
867 3588 982 3649 extant
1003 3582 1270 3648 linas-1161
1288 3581 1370 3647 satis
1457 3595 1458 3676 j

216 3707 382 3794 probatur,
403 3723 540 3788 graecae
556 3703 687 3786 linguae
708 3689 804 3769 usum
825 3705 926 3768 ferme
949 3702 1149 3770 cotidianum
1172 3721 1192 3767 a
1213 3698 1371 3766 Romanis
1457 3783 1458 3798 χ

215 3825 304 3892 illius
327 3824 459 3908 quidem
480 3822 599 3887 aetatis
620 3821 752 3888 minime
773 3821 875 3888 fuisse
898 3820 1051 3898 alienum,
1074 3822 1153 3907 quin
1182 3818 1248 3886 loci
1274 3819 1371 3884 istius
1457 3824 1458 3904 ξ

218 3943 361 4010 materia
383 3939 561 4016 indicatur,
582 3945 615 4007 et
636 3940 753 4027 quibus
777 3941 811 4004 in
833 3938 931 4004 rebus
953 3939 981 4004 is
1010 3937 1154 4005 maxime
1186 3937 1230 4003 sit
1257 3953 1373 4004 uersa·

217 4069 284 4146 tus,
310 4065 343 4128 ct
366 4059 453 4145 apud
477 4057 589 4145 quales
610 4058 767 4126 homines.
793 4059 904 4142 itaque
926 4076 967 4122 ne
989 4058 1154 4136 miremur,
1179 4056 1266 4141 quod
1288 4053 1372 4120 alias
1457 4091 1458 4148 3
