2974 4730
622 369 901 448 ..ro-s

180 546 321 622 tumque
343 537 377 602 in
399 557 496 604 uersu
514 538 643 604 heroico
668 536 742 603 huic
764 544 868 608 metro
891 536 973 603 illud
997 539 1113 621 061000
1136 537 1240 622 possit
1254 535 1324 601 sub·

187 657 280 721 011101
305 664 436 741 praeter
459 674 557 742 quarn
580 656 665 741 quod
687 656 722 720 in
744 658 858 740 quinta
880 657 956 720 sede
977 653 1111 721 licentia
1131 655 1211 720 haec
1231 656 1328 720 certis

181 773 298 838 finibus
322 774 570 860 circumscripta
592 774 646 852 sit,
668 772 943 855 Lueretiuslonge
959 771 1107 858 plurimis
1128 771 1209 838 loeis
1224 771 1325 858 [1207
1368 803 1371 810 «

180 891 244 956 395
267 892 329 956 647
353 894 416 956 710
439 893 501 957 796
524 891 586 956 802
609 893 671 957 905
696 893 778 956 1088
801 890 914 956 11927
943 893 1024 956 1029
1047 891 1153 956 11167
1177 893 1241 956 263
1261 892 1326 956 443

172 1010 242 1074 -621
267 1011 330 1074 868
352 1009 394 1074 IV
416 1011 481 1076 315
502 1011 568 1106 435
586 1011 650 1074 478
674 1010 740 1074 931
772 1009 863 1073 Vel
886 1011 950 1074 475
975 1011 1036 1074 728
1059 1010 1120 1073 931
1151 1009 1212 1072 977
1243 1010 1325 1074 1021

181 1128 264 1193 1248
290 1129 370 1192 1377
395 1128 498 1192 vlle
522 1128 735 1192 21291556
759 1129 819 1192 901
844 1128 906 1192 913
938 1124 1031 1220 1058]
1064 1127 1214 1191 suffixum
1244 1125 1326 1191 illud

80 1261 85 1269 ·
177 1247 227 1311 ier
248 1247 281 1309 in
304 1245 418 1329 quinto
440 1245 524 1310 thesi
547 1245 731 1310 0011000011.
762 1246 817 1330 001
840 1250 1013 1330 supersunt
1029 1244 1322 1325 infinitiuinouem‚

177 1364 329 1429 undecim
351 1362 442 1438 locis,
466 1383 538 1428 curn
561 1363 594 1428 hi
618 1363 827 1428 ‘moderarier
848 1363 984 1449 gignier’
1009 1362 1059 1428 610
1077 1363 1196 1444 singuli
1211 1383 1323 1430 occur-

177 1478 271 1558 rant',
300 1482 490 1566 pierumque
518 1480 742 1546 hexametrum
765 1481 926 1564 incipiunt
961 1478 995 1566 [1
1019 1483 1101 1546 1059
1131 1482 1173 1546 IV
1195 1481 1238 1546 43
1260 1483 1323 1546 849

52 1667 55 1676 ,
174 1603 237 1666 931
262 1601 287 1665 V
312 1602 374 1664 714
400 1601 479 1663 1197
503 1598 546 1663 Vl
569 1601 630 1663 807
657 1604 727 1664 tunr
749 1597 777 1663 V
802 1599 862 1662 166
887 1600 968 1663 1296
993 1601 1076 1666 1310
1099 1600 1142 1664 VI
1163 1597 1250 1687 246].
1281 1621 1322 1666 ex

176 1718 293 1804 001600
318 1725 390 1783 0010
412 1718 538 1803 priores
561 1721 700 1801 possunt
722 1736 793 1782 esse
811 1716 958 1796 adhibiti,
983 1738 1023 1782 ne
1047 1720 1227 1802 spondiaco
1243 1738 1322 1784 uoce

176 1844 341 1902 constaret
363 1839 487 1921 primus
511 1842 568 1900 aut
591 1840 724 1918 quartus
748 1855 816 1918 pec,
837 1835 872 1900 id
895 1837 982 1918 quod
1006 1837 1105 1900 etiarn
1128 1838 1234 1902 minus
1250 1836 1322 1922 pla·

175 1954 273 2021 00601
298 1975 394 2038 quoru
420 1954 584 2038 daetyiica
606 1972 672 2017 uon
694 1954 728 2017 in
750 1953 799 2016 his
824 1955 953 2036 quidem
986 1954 1117 2018 sedibus*
1149 1954 1320 2021 collocata.

173 2075 283 2158 itaque
308 2073 476 2144 lucretius
499 2091 695 2156 quamquam
718 2077 833 2135 neutro
857 2072 936 2136 uitio
961 2071 1056 2155 piane
1080 2079 1186 2152 caret,
1210 2078 1321 2138 tamen

175 2192 223 2257 1111
245 2192 346 2277 priori
369 2192 465 2273 ionge
488 2192 618 2276 saepius
642 2210 738 2274 quam
763 2189 858 2254 alteri
880 2189 1046 2274 parcebat.
1092 2191 1229 2277 denique
1261 2195 1320 2258 tri-

173 2310 234 2376 bus
257 2311 444 2375 nouissimis
466 2309 558 2387 iocis,
584 2329 664 2393 quos
689 2328 789 2392 supra
814 2309 927 2383 attuli,
949 2308 1030 2375 illud
1052 2309 1100 2374 ier
1129 2330 1187 2396 pro
1219 2313 1230 2376 i
1261 2313 1320 2376 ad-

173 2430 310 2494 missum
334 2434 438 2506 canet,
461 2448 501 2492 ne
524 2447 590 2492 uox
613 2427 791 2512 spondiaea
813 2428 959 2506 0000101,
983 2447 1079 2511 quam
1102 2429 1180 2492 item
1203 2430 1322 2496 Lucre·

172 2548 238 2613 tius
269 2547 370 2612 multo
409 2545 594 2627 diligentius
626 2545 791 2636 dactylica
824 2565 905 2611 0000
936 2545 1081 2611 euitabat
1110 2549 1143 2611 10
1178 2551 1320 2613 secunda

171 2685 287 2732 uersus
310 2665 451 2730 sede-
493 2665 560 2730 iam
584 2665 623 2729 de
645 2664 778 2748 reliquis
801 2665 916 2728 formis
940 2666 1081 2728 manime
1112 2686 1172 2730 uos
1203 2668 1319 2732 aduer-

171 2788 243 2850 1001
265 2784 457 2868 imperfecta
478 2789 614 2869 quartae
636 2784 671 2848 10
693 2782 802 2848 ‘ibam'
823 2803 882 2869 pro
906 2781 1032 2847 ί106010
1055 2783 1110 2848 1110
1127 2785 1319 2868 peruolgato

172 2903 363 2968 desinentia.
410 2903 500 2967 cuius
522 2903 570 2966 rei
594 2901 744 2986 exempla
766 2900 838 2965 sola
859 2901 998 2982 legimus
1022 2903 1109 2986 apud
1131 2902 1318 2968 Lucretium

171 3020 200 3087 V
222 3022 284 3086 931
308 3021 371 3084 946
394 3021 459 3084 950
480 3021 542 3085 956
565 3019 627 3086 eet
652 3021 733 3084 1001
759 3022 841 3084 1322
863 3020 907 3084 VI
931 3022 1012 3084 1288
1044 3021 1078 3083 10
1100 3021 1209 3085 uerbis
1234 3043 1317 3106 quae

171 3139 336 3204 00010010
361 3139 450 3204 accio
475 3140 584 3204 saeuio
608 3138 721 3204 haurio
744 3139 880 3222 peonio,
905 3159 976 3204 cunr
1006 3144 1116 3202 tamen
1145 3141 1316 3208 inuenian-

167 3263 222 3324 tur
244 3257 469 3322 ‘conueniebat
493 3257 730 3359 moriebantur
741 3257 948 3342 deripiebant
969 3257 1115 3338 fugiebat
1134 3257 1317 3342 apsiliebat'

170 3375 225 3441 uel
246 3376 281 3439 in
303 3375 415 3439 eadem
440 3374 696 3460 descriptionum
712 3377 808 3440 ‘serie
836 3380 932 3460 atque
960 3375 1018 3438 illa
1050 3376 1206 3441 obsoleta.
1252 3398 1318 3463 000

168 3514 204 3560 re
227 3491 424 3571 declaratur,
447 3499 576 3578 poetam
601 3513 639 3556 00
661 3514 724 3558 000
750 3495 850 3558 101000
873 3494 1096 3578 prolaturum,
1127 3496 1154 3560 si
1177 3501 1318 3562 metrum

167 3613 336 3680 heroicum
374 3613 510 3676 creticos
550 3614 736 3697 recepisset.
783 3633 899 3696 uenrpe
938 3612 1158 3696 arnpirirnaoer
1190 3634 1317 3698 quoque

165 3727 395 3806 6100106001
420 3731 573 3808 0101000,
597 3733 751 3816 quoniam
779 3731 926 3814 quamuis
951 3730 1317 3818 61001000110600000-

168 3848 286 3915 cedens
310 3847 510 3933 producatur
531 3855 699 3914 necessest
721 3858 944 3933 0000001000.

253 3965 324 4032 Iam
357 3966 397 4031 do
426 3968 543 4033 ceteris
574 3969 748 4034 uetustatis
785 3969 933 4048 uestigiis
966 3967 1072 4034 acturi
1109 3969 1143 4032 in
1172 3971 1315 4036 omnium

167 4103 304 4153 numero
328 4082 452 4152 nullum
475 4085 775 4171 1000010100,ουοά
798 4087 838 4152 de
861 4087 969 4152 causis
992 4086 1136 4152 metricis
1155 4089 1314 4154 adscitum
